4614 6226
2278 8 2282 196 l

223 315 300 394 sos
812 307 1248 390 netsronaaon
1296 287 1401 387 m'n.
1437 307 1503 391 xt
1556 305 1689 386 sats.
2163 321 2218 400 tn
2280 285 2282 360 t

224 486 310 576 Dei,
334 512 408 560 non
430 483 576 576 dubito',
591 489 715 560 ‘filium
733 485 821 574 Dei,
851 483 1039 558 homiuum
1061 497 1223 556 nostmm
1278 479 1591 571 rum'scriptorum
1614 484 1736 574 magni
1759 484 1863 570 lacit,
1900 500 1937 556 et
1961 488 2130 580 ingenium
2149 511 2227 582 anat,

228 589 347 662 lesum
370 583 578 673 Christum,
608 591 813 662 crucifixum
835 611 902 682 pro
932 589 1038 660 uobis
1067 599 1104 658 et
1128 608 1227 656 resu-
1278 581 1417 652 etiamsi
1432 583 1595 660 noudum
1609 583 1704 654 inter
1721 607 1785 655 vos
1802 587 1931 658 notitia
1951 589 2030 660 t‘uit.
2075 591 2229 666 Necduhi-

228 693 414 776 scitatum,
439 693 620 764 custodem
631 687 810 762 Ecclesiae
829 713 931 776 suae,
955 691 1157 762 etiamtunc
1173 686 1227 756 la·
1277 696 1335 767 to,
1360 682 1426 753 tibi
1448 684 1603 753 vicissim
1627 685 1804 780 voluptati
1819 688 1897 758 lore
1910 680 2072 788 Cospari
2093 697 2227 766 emditio

228 794 349 864 miliae
382 793 656 864 benedicturum
701 817 786 866 esse.
842 788 1011 862 Eruditio
1044 802 1079 860 et
1112 788 1225 858 virtus
1277 797 1564 856 nemetmorum
1581 791 1809 874 suavitatem,
1833 813 1915 860 cum
1940 790 1979 860 in
2000 793 2161 888 colloquio
2178 799 2228 868 eius

228 896 366 986 egregia
384 895 490 966 estin
506 887 806 989 Donidefilio*),
826 907 861 964 et
877 895 1011 983 gaudeo
1034 906 1226 974 tuacausa,
1280 901 1444 956 naturam
1473 887 1730 962 considerabis.
1787 889 1949 964 Tantum
1971 894 2074 983 igitur
2096 911 2180 988 peto,
2204 913 2229 968 ut

229 998 268 1066 in
290 991 357 1066 hac
379 1010 440 1068 tua
463 1010 599 1068 senecta
624 995 798 1066 videreta
820 995 1086 1064 filiivirtntem:
1114 1005 1224 1062 etoro
1278 983 1373 1056 hunc
1393 983 1568 1080 hospitem
1591 1005 1752 1062 amanter
1767 993 1938 1085 excipias,
1961 1007 2076 1086 postea
2099 1011 2129 1066 et
2147 1011 2193 1068 tua
2208 1015 2229 1070 et
2281 1017 2282 1060 t

227 1095 367 1180 Deum,
391 1111 431 1168 ut
447 1112 481 1168 et
498 1111 531 1168 te
547 1110 580 1168 et
597 1110 696 1168 tuam
711 1097 937 1168 domesticam
952 1092 1147 1166 Ecclesiam
1169 1105 1226 1162 to·
1278 1090 1388 1180 ipsius
1406 1089 1519 1160 virtus
1533 1091 1810 1164 benivolentiam
1831 1095 1927 1166 inter
1941 1119 2005 1166 vos
2020 1099 2168 1170 excitabit
2177 1125 2231 1170 nu·
2280 1125 2282 1200 ;

228 1213 300 1270 tam
318 1199 493 1290 gubernet
506 1212 542 1269 et
554 1211 682 1270 servet.
732 1189 1226 1290 IlancepistolamdediDa-
1278 1201 1387 1263 tuam.
1438 1188 1616 1262 Fruamur
1637 1193 1675 1262 in
1687 1189 1744 1263 his
1759 1196 1867 1265 tantis
1883 1197 1997 1267 ruinis
2011 1223 2124 1270 rerum
2137 1195 2230 1270 huna·
2280 1233 2281 1276 s

230 1293 324 1386 vidi,
347 1313 386 1370 ut
402 1301 448 1372 sit
463 1299 715 1372 testimonium·
729 1313 763 1372 ct
781 1309 921 1370 nostrae
942 1297 1135 1380 amicitiae,
1156 1318 1226 1390 qua
1279 1313 1407 1359 narum
1430 1293 1601 1364 suavitate
1625 1296 1808 1365 doctrinae
1834 1309 1869 1368 et
1898 1300 2075 1372 bonorum
2097 1303 2233 1385 amicitiis,
2276 1287 2282 1397 l

104 1421 107 1430 ’
227 1401 332 1470 etiam
348 1401 385 1470 in
401 1401 542 1474 coelesti
553 1397 709 1470 Ecclesia
724 1401 962 1484 fruemur‚“et
976 1395 1227 1470 familiaritatis
1279 1405 1452 1484 quantum
1489 1396 1713 1482 conceditur,
1747 1401 1843 1490 quod
1866 1399 2004 1491 ipsum,
2036 1401 2065 1470 si
2095 1405 2233 1494 sapienter
2271 1400 2280 1479 l

228 1527 310 1573 cnm
334 1499 492 1594 Davide,
520 1526 624 1596 quem
651 1515 794 1594 propter
814 1501 1071 1584 eruditionem,
1100 1497 1226 1570 iudicii
1280 1495 1362 1578 liet,
1389 1495 1584 1584 posteritati
1600 1498 1829 1588 profuturum
1846 1513 1916 1588 est,
1939 1512 1975 1572 et
1998 1525 2094 1573 nuuc
2113 1507 2151 1574 ad
2167 1528 2234 1572 euru

228 1604 454 1693 gravitatem,
476 1605 554 1698 pios
570 1627 704 1689 mores,
719 1616 753 1674 et
768 1602 805 1670 in
821 1603 921 1672 omni
937 1602 1054 1672 officio
1071 1601 1226 1690 diligen·
1278 1619 1428 1664 munem·
1439 1599 1664 1668 concordiam
1680 1599 1866 1688 conducit,
1891 1617 1926 1674 et
1938 1605 2088 1698 speciem
2098 1601 2233 1674 Ecclesiae

229 1706 315 1776 tiam
331 1705 453 1796 diligo.
503 1703 705 1781 Benevola,
756 1699 824 1774 Die
836 1701 882 1774 X.
897 1701 999 1774 Maii.
1272 1689 1518 1790 'muceranus
1542 1699 1660 1774 elficit.
1711 1699 1823 1772 Liber
1843 1703 1980 1795 primus
2001 1699 2155 1804 μεγάλης
2174 1727 2234 1777 osu·
2280 1693 2281 1742 ἶ

878 1799 1069 1900 Philippus
1087 1801 1174 1877 Mel.
1277 1790 1427 1878 cdtewc,
1446 1795 1638 1871 Ptolemaei
1670 1805 1832 1874 nondum
1865 1805 2051 1878 absolutus
2071 1823 2154 1893 erat,
2181 1825 2235 1876 eun

1275 1891 1365 1968 haec
1384 1897 1584 1973 scriberem.
1633 1901 1779 1976 Mittam
1803 1919 1921 1976 autem
1943 1932 2025 1978 cum
2051 1909 2235 2002 primumty-

1277 1994 1451 2094 pographi
1470 2003 1586 2073 edent.
1637 2003 1735 2074 Bene
1756 2020 1791 2076 et
1807 2007 1958 2080 feliciter
1977 2012 2068 2086 vale.
2117 2009 2236 2082 Salutem

1278 2113 1362 2194 opto
1377 2101 1521 2192 collegis
1538 2105 1620 2179 tuis.
1672 2107 1739 2178 Die
1762 2108 1820 2183 10.
1836 2105 1939 2183 Maii.

224 2186 422 2316 Q·
1884 2205 1980 2284 Phil.
2003 2205 2207 2282 Melanthea.
2281 2181 2282 2228 l

651 2391 705 2478 Ν.
738 2391 790 2480 Ν.

295 2550 389 2621 (earu
408 2549 436 2606 n
456 2553 481 2614 s.
501 2547 1019 2622 tastamentum.insane)
1276 2596 1342 2669 No.
1361 2597 1475 2674 4651.
1650 2515 1659 2530 ’
2123 2604 2234 2681 ΗΜ.

252 2705 481 2806 Excerptnm
509 2733 556 2780 ex
583 2705 703 2782 literis
728 2705 782 2782 D.
798 2701 901 2778 Phil.
918 2697 1198 2781 Melanthonis.
2101 2696 2231 2732 ’Ν

1519 2798 1630 2888 Ata.
1659 2801 2028 2922 Hordenberps'o.

228 2841 408 2930 Gratulor
431 2857 723 2952 tranquillitatem
747 2871 783 2928 et
795 2853 973 2928 Ecclesiae
996 2869 1030 2927 et
1051 2855 1224 2948 reipubli-

227 2985 286 3030 cae
313 2963 349 3030 in
368 2983 476 3050 regno
493 2958 649 3044 Danico,
676 2961 840 3030 etlilium
857 2957 923 3029 Dei
938 2983 1019 3044 oro,
1044 2959 1221 3030 sedentem
1368 2953 1455 3030 Epist.
1468 2956 1502 3012 ’ἆ
1515 2956 1697 3028 flectentem.
1712 2979 1755 3033 ²1¹·
1767 2960 1812 3018 ⁸⁵·

225 3067 268 3131 ad
292 3065 449 3134 dextram
471 3063 604 3132 aeterni
628 3062 739 3154 patris
762 3075 794 3132 et
817 3060 1074 3130 custodientem
1097 3055 1222 3128 Eccle-
1452 3105 1505 3185 D·
1534 3107 1728 3184 Albano
1754 3111 2104 3214 Hardabergto.

225 3165 333 3246 siam,
358 3177 454 3235 utet
476 3187 542 3234 nos
564 3177 661 3254 regat
682 3177 716 3235 et
739 3175 897 3256 protegat
911 3175 945 3234 et
957 3154 1063 3232 isthic
1080 3184 1222 3255 quoque

225 3279 341 3338 servet
352 3262 532 3338 Ecclesiae
554 3265 722 3360 reliquias
744 3278 779 3338 et
795 3259 959 3355 hospitia.
1011 3259 1054 3332 ln
1068 3260 1223 3334 Germa·
1274 3241 1321 3330 S.
1344 3257 1390 3330 D.
1440 3258 1513 3330 Nec
1527 3263 1710 3333 doctrinae
1729 3288 1794 3334 nee
1810 3267 1946 3338 rituum
1971 3269 2013 3338 in
2029 3265 2183 3338 Ecclesia
2203 3283 2243 3328 ne

224 3371 284 3437 nia
306 3368 437 3462 passim
461 3367 552 3438 fiunt
568 3389 715 3458 magnae
737 3365 954 3438 mutationes
968 3378 1002 3436 et
1016 3365 1221 3457 dissipatio·
1273 3372 1343 3430 stra
1366 3365 1516 3433 mutatio
1539 3365 1612 3433 ulla
1635 3366 1726 3436 facta
1751 3380 1820 3454 est,
1845 3392 1885 3438 ac
1910 3367 2048 3440 iniuste
2062 3359 2245 3439 taciuneli·

224 3493 298 3544 nes.
355 3467 426 3542 Sed
453 3467 519 3540 Dei
548 3467 718 3542 beneficio
748 3469 788 3538 in
822 3481 944 3540 nostra
966 3461 1157 3538 Academia
1188 3478 1221 3536 et
1273 3461 1366 3546 cini,
1392 3467 1486 3556 quod
1505 3461 1672 3535 Ecelesiis
1685 3469 1816 3538 nostris
1833 3468 1966 3562 alioqui
1986 3471 2137 3540 moestis
2150 3471 2244 3554 augent

224 3565 291 3640 hac
306 3571 437 3640 vicinia
455 3564 573 3640 adhuc
587 3595 655 3642 vox
671 3569 853 3641 doctrinae
868 3565 1056 3658 Evangelii
1078 3583 1112 3640 et
1132 3567 1220 3637 alia·
1272 3564 1445 3634 dolorem.
1496 3565 1567 3638 Sed
1590 3579 1631 3637 ut
1655 3590 1757 3660 spero
1780 3569 1862 3640 illos
1876 3572 2166 3643 adolescentulos
2182 3563 2247 3636 Oa·

224 3695 305 3742 rum
321 3673 451 3742 artium
466 3686 580 3747 sonat.
631 3667 679 3744 Et
691 3671 790 3742 nulla
806 3669 990 3742 doctrinae
1006 3684 1068 3744 aut
1084 3671 1219 3743 rituum
1272 3678 1364 3738 tores
1378 3667 1557 3754 refutabo,
1572 3671 1777 3762 praesertim
1793 3695 1873 3744 eum
1890 3675 2094 3744 certamina
2110 3675 2247 3742 moveant

223 3773 373 3844 mutatio
386 3773 477 3846 sacta
493 3787 556 3848 esc,
610 3775 668 3849 10,
685 3772 779 3844 Maii
794 3796 889 3844 anno
908 3769 1018 3849 1549.
1058 3835 1059 3840 ,
1273 3769 1316 3837 de
1333 3767 1463 3861 quibus
1483 3769 1555 3838 dici
1570 3769 1651 3860 plus
1666 3772 1810 3862 prodest
1824 3797 1928 3867 quam
1948 3775 1995 3844 de
2014 3776 2115 3846 linea
2131 3757 2248 3850 veste'l

1272 3863 1348 3958 Ego
1370 3893 1426 3939 me
1449 3869 1644 3942 voluntatis
1661 3895 1759 3942 meae
1780 3875 2022 3961 conscientia,
2052 3877 2094 3946 in
2116 3871 2178 3945 hac
2200 3879 2248 3938 tna

1272 3995 1394 4056 causa,
1426 3996 1516 4064 quae
1540 3973 1611 4042 iam
1637 3975 1741 4044 annis
1759 3977 1905 4067 triginta
1925 3978 2073 4068 agitur,
2107 3971 2249 4048 consolor·

1271 4068 1353 4141 Non
1387 4073 1484 4141 movi
1515 4073 1589 4144 ulla
1615 4099 1713 4162 nova,
1733 4079 1915 4168 dogmata:
1958 4079 2035 4152 Sed
2061 4103 2144 4152 cum
2165 4077 2249 4146 essent

222 4151 418 4286 Q·
1271 4186 1385 4258 mota,
1417 4177 1589 4268 quaedam
1615 4201 1655 4246 ex
1679 4199 1804 4268 magna
1827 4177 1979 4270 caligine
2008 4197 2046 4254 et
2074 4177 2251 4252 contusione

1272 4275 1484 4366 opinionum
1514 4276 1742 4348 mediocriter
1772 4281 1935 4352 evolvere
1956 4283 2116 4370 studui,
2152 4293 2184 4352 et
2202 4271 2251 4344 eri·

551 4357 626 4448 Ge.
652 4357 877 4452 Fabricio.
1271 4377 1376 4446 stimo
1391 4401 1472 4447 enm
1487 4376 1554 4448 tibi
1568 4379 1726 4450 laborem
1743 4383 1898 4471 probari.
1949 4381 2162 4454 Meministi
2175 4379 2252 4450 stlatn

292 4521 315 4590 τ
333 4515 372 4573 Ε,
385 4533 479 4593 ,W
490 4516 518 4574 ἰ,
533 4517 629 4576 Μὴ,
642 4517 803 4578 mmm,
817 4533 859 4590 ‘p'
875 4519 916 4576 u·
1271 4479 1421 4566 gemitus
1445 4503 1542 4550 meos
1565 4483 1609 4551 de
1624 4482 1838 4575 quibusdam
1863 4485 2034 4578 negotiis.
2097 4483 2166 4558 Sed
2186 4475 2254 4549 batt

442 4639 445 4650 ,
1271 4581 1642 4657 commemorationem
1665 4584 1801 4660 omitto.
1860 4583 2166 4657 Benevolentiam
2186 4582 2254 4650 inter

250 4666 457 4772 Georgia
481 4664 728 4759 Fabricio,
745 4669 903 4766 gubern.
929 4666 1045 4748 schol.
1070 4667 1191 4748 Mtsa.
1270 4703 1337 4750 nos
1358 4695 1561 4774 perpetuam
1589 4707 1662 4756 esse
1685 4685 1790 4771 volo,
1815 4709 1856 4757 ac
1879 4687 2007 4758 literas
2030 4687 2107 4760 iam
2129 4710 2149 4758 a
2172 4695 2255 4752 teet·

1271 4793 1410 4873 specto,
1436 4797 1471 4854 et
1493 4784 1623 4874 flagito.
1673 4785 1712 4857 st
1737 4787 1810 4872 illi,
1836 4787 1897 4881 qni
1924 4788 1963 4856 in
1993 4813 2058 4858 me
2080 4778 2253 4859 debachan-

1270 4895 1347 4968 tur,
1374 4883 1530 4954 veritatis
1553 4885 1822 4978 explicationem
1849 4889 1905 4981 pie
1927 4905 2131 4984 quaerent,
2149 4886 2255 4956 valeret

1270 4985 1406 5079 aliquid
1430 4987 1524 5077 apud
1549 5011 1608 5058 eos
1630 4989 1800 5060 memoria
1824 4991 1952 5062 veteris
1978 4991 2181 5073 amicitiae,
2208 4999 2278 5052 Μ

1269 5099 1366 5160 tanta
1399 5087 1588 5164 acerbitate
1613 5088 1652 5159 in
1682 5113 1748 5160 nos
1770 5093 1959 5166 saevirent„
2026 5091 2278 5166 Adficerentttt

1272 5241 1482 5260 m

224 4803 274 4892 S·
299 4821 346 4902 D,
395 4821 498 4896 Hanc
519 4823 704 4920 epistolam
719 4825 802 4894 dedi
817 4824 1012 4898 convicturi
1028 4849 1107 4898 meo
1121 4815 1218 4898 Cas-

221 4945 317 5018 paro
332 4919 502 5014 Peucero,
527 4927 605 4996 siro
620 4927 723 4996 docto
741 4926 778 4994 in
796 4939 868 4996 tota
885 4921 1129 5018 philosophia,
1155 4931 1216 5024 qui

207 5041 265 5098 *ut
278 5029 412 5099 aditum
427 5031 470 5098 ad
488 5043 522 5100 te
536 5053 576 5100 ac
589 5029 633 5096 ad
649 5028 840 5098 amicitiam
856 5043 953 5100 tuam
968 5022 1129 5116 haberet,
1156 5057 1218 5122 pe-

223 5129 322 5214 tivit,
340 5142 382 5200 ut
395 5131 440 5200 ad
455 5143 489 5202 te
505 5130 705 5204 scriberem.
755 5127 845 5200 Nam
862 5141 897 5200 et
911 5130 1119 5220 elegantiam
1136 5146 1216 5204 tuo·

896 5391 904 5406 ,
994 5391 1001 5406 ,
1300 5331 1328 5403 ¹)
1346 5331 1364 5388 l.
1378 5351 1402 5390 e.
1418 5333 1452 5387 de
1471 5332 1547 5388 liaeo
1567 5333 1729 5390 indumento
1749 5287 1828 5400 albo,
1845 5333 1874 5390 io
1895 5335 2123 5393 administranda
2136 5339 2253 5391 coeam
2277 5371 2278 5374 ,

259 5396 293 5472 s)
314 5399 340 5454 ts
360 5393 498 5466 profectos
517 5404 557 5450 ert
575 5393 624 5449 lllo
643 5389 1074 5467 tenporesdnoptrasstngelii.
1111 5393 1213 5470 περ.
1335 5421 1381 5456 cra
1401 5401 1551 5457 induendo.
1588 5404 1702 5458 torserat
1717 5404 1864 5458 Mauritius
1882 5414 1911 5458 ut
1931 5423 1968 5460 so
1985 5405 2253 5478 assuaturpssteffls

290 5463 317 5522 d.
331 5463 357 5524 6.
371 5464 437 5522 nteit
453 5475 479 5522 st
492 5463 520 5526 d,
534 5463 576 5520 ts.
590 5461 671 5522 Maii.
1335 5470 1382 5543 qui
1395 5489 1461 5534 vero
1473 5473 1603 5546 patebant
1613 5473 1653 5533 sic
1665 5493 1695 5530 se
1707 5471 1798 5530 redire
1810 5475 1844 5530 sd
1860 5473 2038 5548 septenum.
