4680 6220
71 358 130 436 145
452 373 459 379 '
637 347 1068 426 EPISTULARUM
1131 344 1340 420 utnxt.
1403 343 1539 417 1548.
1596 391 1601 400 ·
2034 351 2123 427 146·

70 531 145 604 tilia.
198 524 279 598 Nos
295 551 383 598 vero
407 526 467 621 qni
487 529 648 598 custodes
665 550 738 597 esse
757 523 940 596 doctrinae
960 523 1068 592 debe·
1096 533 1169 592 'tur
1190 517 1393 591 testimonia
1416 517 1480 600 iis,
1506 515 1568 609 qni
1587 515 1658 586 iam
1683 515 1804 590 idonei
1819 533 1903 591 sunt
1918 521 1962 591 ad
1981 521 2113 594 docen-

73 657 158 712 mns,
179 630 343 702 retinere
362 629 463 701 dccet
480 631 663 701 doctrinae
690 628 894 722 puritatem.
941 621 1067 696 Dicam
1110 625 1215 706 dum,
1237 622 1286 692 ita
1302 621 1360 690 die
1377 617 1595 709 Septembris
1608 617 1665 714 18τ
1673 622 1897 693 ornabuntur
1909 623 2113 712 graduMa·

78 737 170 825 igitur
182 733 227 802 de
251 732 363 801 rebus
387 732 592 802 necessariis
615 733 738 818 eadem
760 751 850 824 quae
871 727 947 799 dixi
964 739 1068 796 antea
1110 723 1243 814 gisterii
1261 715 1508 812 Philosophici
1523 715 1665 790 honesti
1681 744 1720 790 ac
1737 721 1832 794 docti
1844 723 1930 808 viri,
1958 749 2113 817 quorum

81 837 241 918 modeste,
276 847 312 902 et
344 833 476 918 feram,
515 835 545 904 si
569 835 650 928 quis
672 857 730 902 me
751 854 852 904 casus
878 829 1068 922 opprimet.
1110 825 1257 894 nomina
1276 817 1335 893 hic
1360 821 1536 912 adscripta
1559 834 1653 892 sunt.
1692 860 1742 878 -
1801 821 1843 894 Id
1865 835 1947 895 cum
1973 825 2052 896 lieri
2074 828 2145 898 in·

80 930 219 1028 liuperd
241 927 445 1034 yvnairroc
471 935 516 1006 de
542 949 663 1006 nostra
687 931 942 1006 deliberatione
960 955 1068 1022 expo·
1096 929 1263 1021 ,quadarn
1278 922 1478 1018 frequentia
1492 925 1629 1008 deceat,
1654 925 1826 1016 petimus,
1844 925 2113 1008 utornnesDo-

76 1039 205 1108 stulavit
237 1059 321 1106 cum
351 1049 487 1112 nostro.
548 1037 619 1111 Sed
648 1033 725 1108 Deo
755 1059 813 1106 me
847 1033 1069 1105 commendo.
1110 1043 1245 1114 stores,
1275 1024 1440 1118 Magistri
1461 1037 1495 1096 et
1519 1019 1714 1118 Auditores
1736 1027 1783 1097 ad
1807 1050 1884 1098 eam
1917 1029 2115 1100 testimonii

69 1141 121 1214 llic
141 1139 211 1210 16.
231 1135 455 1232 Septembris
466 1132 516 1235 *).
1111 1127 1414 1202 renuntiationem
1428 1127 1660 1212 conveniant,
1679 1141 1713 1199 et
1732 1141 1773 1199 ut
1789 1129 1968 1200 declarent
1995 1156 2035 1202 eo
2058 1133 2116 1202 ol-

579 1233 772 1334 Philippus
790 1231 1018 1310 Melanthum
1111 1233 1211 1314 ficio,
1228 1231 1282 1302 'se
1302 1229 1421 1302 favere
1442 1221 1697 1320 Philosophiae
1720 1229 1868 1315 studiis,
1904 1256 1994 1324 quae
2020 1245 2112 1304 certe

1111 1332 1305 1405 necessaria
1328 1345 1412 1404 sunt
1433 1325 1631 1416 Ecclesiae,
1653 1343 1689 1400 et
1710 1331 1811 1402 utin
1838 1332 1901 1402 tali
1916 1335 2115 1428 frequentia

1111 1436 1180 1527 ipsi
1197 1458 1338 1530 quoque
1354 1445 1436 1503 vota
1451 1431 1639 1501 nobiscum
1653 1432 1804 1518 faciant,
1828 1447 1870 1504 ut
1884 1431 2115 1506 DeusEccle-

67 1565 123 1641 No,
143 1565 263 1643 4350·
777 1607 784 1615 .
909 1578 965 1640 15,
980 1567 1066 1653 spu,
1111 1538 1199 1609 siam
1215 1532 1323 1607 huius
1338 1535 1443 1605 etiam
1459 1532 1584 1627 oppidi
1604 1527 1751 1604 ethunc
1769 1557 1907 1626 gregem
1924 1536 2115 1609 clementer

71 1663 245 1697 *vv
472 1699 483 1706 .
594 1691 598 1700 -
927 1661 1067 1692 w*
1111 1652 1253 1710 tueatur
1269 1650 1304 1708 et
1317 1637 1499 1728 gubernet.
1554 1633 1613 1708 16.
1628 1632 1847 1726 Septembris
1872 1635 1984 1713 1648.

412 1749 722 1838 Academicis.

126 1913 239 1987 stripe·
256 1911 335 1986 publ.
354 1907 481 1966 Wineb.
499 1907 567 1965 ‘nt
586 1923 614 1981 p.
629 1909 691 1965 tto.

30 2123 36 2132 ·
95 2071 280 2146 Decorus
305 2059 472 2160 Collegit
496 2058 757 2236 Philosophici
780 2061 1040 2165 Philippus
1112 2001 1306 2132 ψ’
1933 2008 2113 2128 Q·

383 2164 488 2239 Mel
495 2161 637 2237 anche
681 2192 747 2238 01¹·
1382 2185 1534 2273 louet.
1563 2185 1844 2275 Canwrario.

443 2291 723 2394 (Academico.)
1180 2343 1266 2418 spos.
1279 2344 1314 2402 ‚a
1330 2343 1441 2400 osmer.
1454 2362 1484 2416 p.
1497 2343 1559 2399 sor.
1576 2344 1632 2416 pa.
1646 2341 1736 2398 nona.
1751 2341 1799 2400 ns.
1814 2341 1864 2398 tv,
1882 2361 1926 2415 ep.
1937 2343 2022 2414 ren).

75 2425 185 2532 Saepe
202 2435 378 2508 recitatur
394 2423 639 2502 Pindaricum
657 2429 764 2500 illud:
792 2426 831 2504 dv
852 2421 983 2528 χρόνῳ
1002 2453 1070 2524 με·
1218 2501 1225 2520 ,
1272 2500 1281 2520 ,
1394 2501 1403 2519 ,
1568 2498 1606 2518 ,,
1781 2500 1789 2519 ,

77 2535 223 2634 ulmal
245 2529 583 2630 iridemocotipot'1'3
610 2555 684 2601 non
700 2525 887 2603 hominum
909 2555 1070 2626 corpor„
1112 2489 1338 2574 Clarissimo
1364 2524 1443 2572 vero
1468 2496 1671 2572 eruditione
1693 2509 1726 2571 et
1751 2509 1881 2572 vertute
1903 2507 2115 2600 praestanti

81 2667 141 2712 non
162 2640 335 2734 imperia,
362 2657 437 2704 non
458 2635 639 2704 fortunam
667 2646 874 2726 perpetuam
889 2657 982 2721 esse,
1007 2637 1069 2704 sed
1137 2598 1382 2676 1⁰⁰⁶l⁸im⁰
1407 2597 1588 2721 camni,
1606 2595 1850 2697 Pabffd'mlv
1867 2601 1997 2702 smili
2017 2629 2086 2679 ⁸¹⁴⁰

88 2745 211 2812 undem
224 2737 361 2812 mutari
377 2735 544 2806 destituta
560 2748 665 2804 vento
682 2736 849 2808 secundo.
901 2738 1069 2807 Acdecet
1269 2737 1275 2742 ’
1507 2728 1720 2793 ⁶⁰7¹⁸⁸⁸m⁰s

87 2844 215 2936 quidem
234 2837 452 2931 cogitatione
474 2834 717 2908 instabilitatis
747 2859 868 2905 rerum
894 2830 1071 2907 humana·
1113 2824 1161 2910 S.
1186 2839 1234 2912 D.
1285 2835 1365 2912 Etsi
1387 2839 1542 2911 libenter
1563 2841 1609 2911 ad
1632 2861 1696 2910 vos
1712 2836 1937 2911 Medicorum
1960 2841 2112 2912 audien-

83 2969 150 3016 rum
171 2939 438 3015 commonefleri
459 2961 548 3024 nos,
572 2951 614 3008 ut
637 2937 676 3005 in
694 2937 794 3008 omni
808 2937 946 3006 actione
959 2940 1070 3010 simus
1113 2944 1242 3013 dorum
1264 2966 1384 3014 caussa
1407 2941 1630 3034 proficiscor,
1656 2955 1776 3013 tamen
1802 2955 1947 3034 propter
1961 2943 2113 3014 alterum

78 3048 303 3118 modestiores
316 3067 357 3114 ac
372 3053 572 3111 metuamus
595 3040 884 3112 adversoseasos
936 3038 1006 3109 Sed
1025 3062 1071 3109 ne
1114 3043 1299 3135 negocium
1314 3047 1359 3114 de
1375 3069 1447 3137 quo
1464 3045 1608 3130 scribis,
1634 3057 1675 3114 ut
1691 3043 1851 3129 veniam,
1873 3067 2014 3116 caussae
2028 3059 2113 3118 sunt

76 3163 213 3242 propter
234 3143 519 3238 desperationem
543 3163 688 3234 prorsus
710 3139 925 3211 abiiciantur
946 3163 1070 3212 omnes
1113 3145 1310 3235 graviores,
1334 3145 1431 3239 quod
1447 3145 1594 3238 quidem
1607 3157 1647 3216 ut
1674 3157 1771 3234 regat
1796 3159 1831 3215 et
1854 3145 1998 3218 adiuvet
2013 3143 2111 3216 Deus

75 3251 227 3332 labores,
258 3242 448 3318 necessarii
470 3243 574 3316 nobis
603 3256 637 3312 et
666 3241 882 3335 posteritati,
918 3243 1071 3314 tenenda
1114 3261 1277 3318 aeternus
1293 3259 1394 3336 pater
1413 3246 1553 3315 domini
1577 3246 1691 3316 nostri
1713 3244 1793 3314 lesu
1807 3240 1959 3331 Christi,
1985 3248 2111 3319 condi-

74 3367 119 3424 est
133 3353 243 3423 etiam
258 3347 466 3419 consolatio.
519 3341 585 3414 Est
606 3359 723 3416 autern
740 3339 922 3414 haccvera
945 3345 1072 3414 etelfi-
1114 3363 1171 3419 tor
1187 3344 1337 3418 humani
1355 3347 1512 3437 generis,
1537 3360 1572 3416 et
1594 3360 1697 3418 autor
1711 3347 1808 3415 illius
1822 3347 1978 3417 mirandi
1992 3329 2123 3418 foede-²

73 3479 127 3526 cax
149 3451 373 3535 consolatio,
397 3470 554 3537 semper,
580 3445 684 3516 etiarn
708 3445 748 3514 in
771 3445 886 3516 ruinis
900 3446 1071 3538 imperio·
1115 3451 1164 3519 ris
1187 3463 1222 3520 et
1243 3447 1504 3519 coniunctionis
1519 3447 1697 3537 legitimae
1709 3447 1920 3536 coniugum,
1946 3463 1980 3518 et
1996 3463 2113 3520 custos

73 3582 168 3639 rum,
193 3568 317 3626 umen
340 3573 542 3620 mansuram
566 3571 639 3617 esse
656 3542 852 3617 Ecclesiam
868 3543 949 3621 Dei.
998 3546 1072 3620 Nec
1114 3550 1291 3622 Ecclesiae
1304 3573 1405 3634 suae,
1431 3563 1505 3621 toto
1521 3573 1602 3618 enm
1619 3561 1761 3642 pectore
1776 3571 1852 3622 oro.
1905 3543 2024 3618 Adero
2043 3551 2111 3640 igi-

72 3659 239 3728 destituet
259 3647 353 3724 hanc
368 3653 495 3722 ventus
515 3651 711 3734 secundus,
735 3648 902 3721 videlicet
916 3648 1072 3744 Spiritus
1116 3668 1173 3724 tur
1187 3653 1262 3724 Deo
1284 3653 1445 3732 iuvante,
1472 3674 1569 3720 nono
1586 3647 1661 3724 Cal.
1679 3643 1859 3723 Octobris.
1912 3637 2111 3746 Crrecr'gero

74 3773 232 3844 sanctus,
257 3755 390 3824 effusus
415 3777 456 3824 ex
475 3764 617 3844 pectore
634 3750 768 3820 aeterni
785 3749 901 3823 Patris
916 3765 951 3822 et
968 3751 1070 3822 Filii:
1114 3769 1148 3826 et
1178 3755 1253 3824 eius
1285 3753 1429 3844 coniugi
1455 3753 1596 3844 placere
1626 3751 1833 3822 affinitatem
1865 3743 1982 3822 Pauli
2014 3755 2112 3824 scito.

75 3857 275 3954 etquidem
297 3856 350 3926 ibi
370 3876 538 3925 mansura
560 3865 612 3922 est
625 3849 783 3943 Ecclesia
804 3849 891 3940 Dei,
915 3851 980 3924 ubi
1003 3877 1072 3923 vox
1114 3856 1210 3935 Haec
1225 3857 1269 3926 ad
1284 3867 1318 3926 te
1334 3854 1550 3947 scripsissem
1573 3867 1655 3924 ante
1669 3854 1740 3924 iter
1753 3876 1890 3940 meum,
1917 3857 1977 3924 sed
1993 3856 2110 3928 subito

74 3961 257 4032 doctrinae
279 3971 381 4028 sonat
406 3969 440 4026 et
461 3955 518 4048 pie
534 3954 743 4026 illustratur.
793 3949 870 4024 Hac
893 3977 953 4048 spe
976 3954 1072 4026 cola·
1115 3985 1195 4030 curn
1217 3957 1384 4052 cepissem
1410 3956 1562 4027 scribere
1581 3957 1764 4028 avocabar.
1817 3951 1963 4026 Caetera
1980 3981 2111 4026 coram.

75 4089 148 4132 mns
164 4061 284 4132 studia
299 4057 499 4140 doctrinae,
524 4056 661 4127 etiamsi
674 4077 771 4125 nunc
788 4055 883 4126 inter
898 4057 1072 4126 tumultus
1114 4059 1306 4132 Ecclesiam
1323 4057 1401 4129 Deo
1415 4082 1519 4128 curae
1533 4082 1606 4128 esse
1622 4081 1695 4128 non
1711 4057 1849 4130 dubito.
1887 4054 1964 4126 llac
1979 4082 2035 4127 me
2051 4082 2111 4150 spe

76 4165 306 4256 imperiorum
322 4172 555 4251 spernuntur,
570 4170 604 4228 et
619 4157 721 4227 multi
736 4153 915 4252 prophani
929 4182 968 4228 ea
986 4161 1071 4227 ode·
1114 4183 1184 4230 tina
1210 4175 1385 4244 sustento,
1409 4155 1565 4230 humana
1588 4158 1760 4248 praesidia
1785 4172 1820 4228 et
1841 4159 1987 4230 consilia
2005 4184 2111 4253 quarn

76 4281 168 4338 runt
228 4261 300 4336 Sed
324 4259 610 4345 meminerimus,
649 4259 688 4327 in
710 4253 777 4328 hac
798 4259 927 4328 militia
950 4273 1069 4329 nostra
1114 4265 1184 4336 sint
1197 4262 1338 4345 inania,
1362 4261 1468 4330 multi
1482 4262 1552 4330 iam
1569 4275 1715 4330 eventus
1729 4259 2005 4330 ostenderunt..

77 4371 178 4438 etiam
190 4364 404 4438 fortitudine
414 4384 503 4454 opus
512 4384 597 4445 esse,
611 4384 657 4429 ne
666 4360 767 4432 lracti
778 4360 1005 4452 perversitate
1013 4361 1071 4431 iu·
1213 4356 1372 4433 Rdelico
1387 4363 1534 4432 salutem
1549 4375 1649 4452 opto,
1669 4385 1774 4453 quem
1789 4360 1861 4429 scio
1880 4383 2039 4431 narrasse
2054 4358 2113 4432 hi-

76 4471 251 4541 diciorum
266 4465 482 4536 cedamusde
497 4463 648 4534 statione
661 4464 931 4534 autdeseramus
948 4463 1069 4537 aciem.
1113 4468 1239 4538 storias
1254 4465 1400 4535 urbium
1419 4463 1617 4532 vicinarum
1634 4485 1716 4531 suae
1731 4461 1865 4553 patriae
1885 4463 2032 4530 minime
2056 4464 2113 4532 in-
2203 4487 2206 4493 ·

78 4569 126 4642 Ac
141 4572 187 4642 sit
203 4569 322 4652 infixa,
339 4563 468 4636 animis
481 4559 567 4634 haec
582 4563 772 4635 sententia:
799 4555 949 4644 ὃπόνος
961 4559 1070 4660 ἡμῶν
1113 4571 1281 4640 condas·
1318 4563 1439 4636 Unum
1455 4559 1670 4658 Phocylidae
1686 4586 1825 4633 versum
1843 4564 1912 4633 iam
1937 4563 2111 4655 sapientes

77 4671 144 4745 οὐκ
157 4665 237 4744 ἐστὶ
252 4663 357 4748 seiros
371 4666 410 4740 ἐν
423 4661 564 4762 Κυρίῳ.
616 4663 764 4758 Semper
785 4659 963 4736 Ecclesiae
985 4690 1071 4758 pro-
1112 4671 1327 4742 didicerunt.

79 4777 150 4846 dest
169 4773 231 4866 pia
254 4793 322 4842 vox
345 4769 564 4851 multorum,
590 4789 679 4859 quae
695 4764 893 4838 doctrinam
908 4767 1071 4838 iucorru-
1157 4791 1265 4886 καιρῷ
1286 4793 1481 4880 torrelew,
1500 4787 1577 4878 ttt'fp
1598 4789 1797 4859 &mmm
1816 4787 1986 4872 &Wlffl-

78 4893 170 4966 ptam
185 4887 299 4947 sonat
352 4867 472 4960 Quare
497 4881 531 4938 et
546 4869 653 4938 vestri
671 4869 831 4955 labores,
857 4868 921 4962 qui
941 4871 986 4940 ad
1007 4872 1072 4940 do-

80 4981 211 5050 ctrinae
243 4969 548 5046 conservationem
579 4969 802 5054 conducunt,
853 4965 930 5040 Deo
969 4995 1074 5041 curae
1116 4922 1167 4994 Ne
1184 4945 1247 5012 ⁸3⁰
1265 4921 1407 5016 qmdem
1433 4940 1512 4987 ⁵⁰¹⁰
1529 4917 1752 4989 d⁰¹¹⁵⁵¹mu⁵‘
1803 4913 1874 4986 sed
1898 4927 2015 4988 lamen
2035 4939 2113 4986 '¹¹⁰'

1117 5027 1183 5096 dus
1201 5024 1346 5117 quidam
1371 5033 1422 5091 est
1445 5019 1520 5088 eius
1545 5019 1609 5092 rei.
1659 5016 1767 5088 Plura
1783 5039 1913 5091 coram.
1964 5014 2062 5088 Bene
2079 5033 2115 5089 et

1117 5127 1266 5196 feliciter
1280 5123 1370 5194 vale.
1418 5117 1517 5190 Deus
1534 5133 1566 5190 te
1582 5115 1818 5190 etEcclesiam
1829 5130 1926 5188 tuam
1942 5119 2113 5190 domesti-

1119 5251 1194 5298 cam
1211 5239 1324 5297 servct
1336 5238 1371 5295 et
1384 5223 1566 5316 gubernet.
1617 5217 1716 5290 XVl.
1732 5217 1807 5292 Cal.
1824 5215 1955 5295 Octob.

81 5093 194 5152 erunt.
247 5073 433 5146 Faciamus
452 5071 562 5162 igitur
584 5092 707 5162 operas
728 5067 973 5160 scholasticas,
996 5070 1074 5142 Deo
1110 5105 1112 5110 v

81 5181 240 5262 incantet
266 5191 320 5261 ct,
344 5175 434 5245 sicut
452 5173 655 5243 institutum
673 5183 726 5240 est
739 5171 892 5257 utiliter,
917 5185 958 5244 nt
972 5175 1076 5244 certis

81 5277 298 5374 temporibus
314 5277 430 5350 studia
445 5275 646 5369 aliquorum
663 5272 914 5365 inspiciantur,
938 5287 972 5345 et
986 5277 1077 5346 den·

1680 5397 1871 5498 Philippus
1887 5397 2065 5480 Melanth.

112 5533 145 5604 ¹⁸)
161 5532 243 5590 Alius
257 5530 401 5604 adscripsit
414 5547 479 5588 ann.
495 5529 571 5587 rste.

85 5607 262 5680 Enim.
285 5611 390 5679 Ona.
415 5602 588 5676 Vonvll.
