4522 6204
211 249 294 326 .651
797 239 1237 324 EPISTULARUM
1286 245 1396 322 utu.
1419 248 1503 328 llll.
1557 247 1689 324 tato.
2146 261 2201 340 ott

223 421 420 551 Q.
1039 422 1212 546 Q
1269 421 1405 494 rivulos
1430 416 1650 520 Augustini,
1682 422 1740 494 vel
1769 423 1889 516 potins
1915 425 1960 498 ab
1983 425 2051 522 ipso
2068 431 2207 506 adientes

1270 525 1500 610 deducimur,
1526 527 1587 620 qui
1611 539 1694 598 sunt
1715 527 1895 620 puriores,
1921 553 2021 622 quarn
2041 529 2102 600 ulla
2120 527 2207 606 boni·

572 603 639 692 Ῑο.
654 605 870 715 Stigeltb·
1272 651 1358 700 num
1374 629 1517 720 scripta.
1569 623 1725 700 Oremus
1741 641 1858 700 autem
1874 627 2005 702 Filium
2021 628 2096 716 Dei,
2115 629 2207 704 Domi-

294 773 384 830 m
398 767 504 841 ,ΡΜ
518 765 718 838 QUW
755 764 924 822 codem
940 765 997 827 tou.
1016 783 1061 841 ψ·
1078 769 1137 824 ιω,
1271 753 1358 798 num
1378 743 1540 800 nostrum
1561 725 1678 800 lesum
1694 721 1895 818 Christum,
1925 732 1986 826 qui
2000 734 2130 804 subinde
2143 739 2208 806 esci·

1128 901 1132 912 ,
1271 844 1321 902 tat
1351 833 1511 902 doctores
1538 831 1727 918 salutares,
1758 845 1800 902 ut
1829 857 1894 904 nos
1917 859 2050 928 quoque
2070 849 2163 924 regat,
2186 853 2209 908 ct

222 924 453 1002 Clarissimo
476 924 574 1007 viro,
600 917 802 994 eruditione
820 933 852 994 et
869 923 999 996 virtute
1010 925 1222 1024 praestanti
1270 933 1434 1002 scandala
1464 946 1580 1014 sanet,
1618 945 1654 1002 et
1682 932 1814 1004 nostris
1840 933 2042 1005 vulneribus
2060 937 2208 1006 medeatur.

190 1050 193 1058 ’
226 1029 281 1109 D.
298 1023 477 1102 Ioanni
495 1022 573 1096 Sti
575 1022 654 1119 gel
661 1022 677 1093 i
683 1049 722 1110 o,
747 1030 802 1122 cpi
820 1027 912 1122 Θεῷ,
939 1027 1003 1100 καὶ
1017 1031 1098 1108 ταῖς
1107 1021 1220 1102 Mod-
1270 1028 1437 1104 Davidis
1452 1033 1566 1104 nostri
1580 1057 1722 1104 carmen
1736 1033 1803 1108 tibi
1817 1033 1938 1120 mitto,
1956 1037 2034 1130 quis
2049 1031 2130 1106 nihil
2142 1037 2210 1108 aliud

326 1151 410 1210 oute
428 1121 610 1223 φιλτάτῳ,
642 1124 761 1198 antico
783 1127 993 1215 carissimo,
1018 1129 1055 1204 S.
1070 1132 1117 1204 D.
1272 1159 1366 1206 nunc
1390 1139 1435 1206 ad
1457 1159 1603 1208 manum
1622 1128 1811 1212 habebam.
1875 1133 2077 1210 Reverendo
2096 1135 2167 1206 Vim
2182 1135 2212 1208 li.

1270 1229 1454 1307 Erlsordo
1466 1233 1629 1334 Sneppio
1644 1235 1803 1310 Salutem
1816 1251 1913 1330 opto.
1953 1237 2046 1312 Bene
2059 1254 2091 1312 et
2103 1237 2214 1308 lelicitn

226 1271 524 1372 CarisaSls'geIs'.
569 1271 617 1350 Et
631 1278 875 1348 benevolentia
888 1291 948 1348 tua
966 1291 999 1349 et
1015 1279 1219 1352 assiduitate
1270 1341 1348 1412 vale
1410 1337 1478 1412 Die
1491 1336 1695 1430 Augustini·

226 1388 410 1458 literarum
433 1381 659 1450 mediocriter
673 1379 779 1448 leniri
796 1403 893 1450 meos
910 1381 1068 1464 dolores,
1094 1385 1219 1468 sentio,

225 1489 362 1580 tibique
383 1481 531 1572 gratiam
553 1477 685 1564 habeo,
712 1505 751 1548 ae
769 1505 850 1565 oro,
875 1497 916 1552 ut
932 1485 1136 1554 memoriam
1152 1509 1219 1556 no-

225 1605 318 1660 strae
350 1582 544 1666 amicitiae,
581 1583 618 1649 in
645 1605 716 1674 qua
741 1583 896 1672 proiecto
923 1579 1017 1654 nihil
1042 1583 1110 1656 luit
1136 1586 1218 1670 luci,

225 1686 321 1762 nihil
332 1683 517 1766 ὕπουλον,
543 1683 699 1772 extingui
716 1707 789 1753 non
805 1683 910 1759 sinas.
960 1683 1043 1756 Nou
1059 1687 1157 1758 venit
1172 1691 1216 1758 ad
1268 1729 1324 1804 No
1351 1731 1451 1808 4783

225 1817 283 1862 me
297 1789 359 1858 ille
374 1779 551 1868 Pericles,
574 1786 618 1853 de
634 1809 704 1877 quo
720 1785 855 1858 scribis.
870 1783 872 1788 ’
895 1783 1041 1857 Utinam
1059 1788 1097 1856 in
1112 1790 1218 1859 rebus
1276 1782 1464 1859 »αι’-«ψ’

225 1889 403 1964 Ecclesiae
419 1887 632 1970 necessariis,
652 1899 686 1956 et
701 1883 883 1976 diligentia
898 1901 931 1958 et
946 1882 1109 1982 δεινότης
1122 1903 1216 1960 tanta
1575 1915 1630 2004 10
1670 1917 1935 2005 Ppacotomo

225 1995 358 2064 luisset.
409 1987 480 2058 Sed
504 2011 605 2078 saepe
631 1988 758 2057 ardens
784 1989 907 2058 dolore
930 1991 1044 2078 cogito
1066 2005 1218 2064 veterem
1632 1983 1642 2057 Ϊ
1904 1981 1947 2040 ·'

170 2125 183 2149 1
225 2095 324 2166 illam
340 2089 530 2186 querelam,
557 2111 647 2181 quae
661 2088 723 2170 ait,
748 2091 859 2159 multa
872 2085 1035 2160 homines
1048 2093 1118 2164 sibi
1133 2095 1219 2186 ipsis
1339 2081 1359 2148 i
1378 2077 1415 2132 Er
1432 2079 1588 2152 ⁸1³⁰&le
1604 2079 1633 2136 ⁵¹¹
1648 2082 1711 2138 ⁰⁰³·
1729 2080 1812 2137 ⁰⁰¹⁵·
1826 2081 1886 2136 ¹⁹⁰·
1904 2097 1931 2150 Ρ·
1947 2081 2005 2138 ¹⁴⁵³

225 2193 402 2266 mimia
430 2191 553 2264 facem·
615 2186 745 2262 V⁰f⁵u⁸
770 2205 854 2262 ⁵⁰¹¹t
878 2195 973 2283 ³P⁰d
995 2189 1218 2267 Alhm‘um
1271 2229 1497 2312 Clarissimo
1519 2238 1611 2332 viro,
1637 2236 1839 2310 eruditione
1853 2247 1884 2310 et
1901 2235 2031 2309 virtute
2044 2231 2226 2336 praestanti,

224 2293 360 2468 PM&
402 2400 422 2466 ὗ
574 2399 580 2424 Ι
621 2401 635 2466 ι
1270 2335 1326 2415 D.
1353 2333 1871 2424 IohonuiPlocotomo,
1903 2333 2225 2414 Doctors'orts'sme-

308 2429 322 2470 s
384 2427 401 2468 o
442 2425 599 2488 uspsspyos
636 2423 703 2466 oses
723 2401 910 2488 ἄνθρωπος,
941 2403 1041 2488 posis
1652 2439 1754 2513 dicae
1781 2444 1818 2518 s·
1835 2441 1879 2515 D.

306 2486 517 2555 initantum
538 2495 603 2562 τοϊς
624 2509 657 2552 τε
676 2489 829 2563 πλείστοις
846 2487 1017 2574 χρώμενον.

224 2597 393 2666 Nostrum
411 2587 635 2686 Davidem¹)
650 2593 719 2662 tibi
732 2595 954 2666 commendo.
1002 2592 1136 2688 Scripsi
1150 2623 1220 2668 nu·
1272 2577 1383 2678 Scio,
1422 2605 1458 2664 te
1491 2593 1531 2662 in
1571 2593 1853 2664 consideratione
1891 2593 2079 2664 universae
2115 2599 2227 2658 natum

227 2721 289 2787 per
309 2699 355 2768 od
371 2709 424 2780 tc,
448 2697 492 2776 de
508 2694 670 2786 prodigio
687 2695 726 2764 io
743 2691 809 2766 hac
827 2695 957 2766 vicinia
977 2711 1162 2790 conspecto
1178 2695 1220 2796 ⁸).
1271 2717 1373 2786 saepe
1395 2695 1502 2766 etiam
1525 2696 1569 2765 de
1592 2695 1702 2786 signis
1724 2695 1926 2766 futurorum
1953 2707 2138 2764 eventuum
2160 2687 2228 2773 cogi

225 2796 304 2873 Etsi
326 2797 396 2869 alia
419 2809 503 2870 sunt
525 2797 623 2884 signa
640 2795 789 2868 certiora
807 2797 1090 2888 impendentium
1103 2817 1221 2872 muta·
1272 2811 1346 2868 tare
1374 2797 1488 2890 doque
1525 2819 1648 2866 eorum
1686 2797 1864 2872 varietate.
1937 2791 2018 2866 Etsi
2048 2795 2138 2864 enim
2170 2811 2229 2880 pro

227 2902 385 2970 tionum:
412 2909 530 2968 tamen
553 2911 588 2968 et
610 2890 720 2966 bisin
736 2898 834 2970 coelo
850 2899 1047 2972 simulacris
1064 2925 1221 2974 moveor.
1273 2898 1360 2990 spici
1374 2921 1497 2968 omnes
1510 2921 1609 2968 casus
1625 2923 1699 2968 non
1713 2911 1879 2990 possum,
1902 2910 2025 2968 tamen
2045 2885 2230 2988 praernoneri

227 2999 369 3070 Vellem
391 3010 508 3070 extare
531 2997 716 3070 recitatum
736 3013 796 3072 tuo
812 3000 978 3075 earmine.
1030 3002 1138 3075 Mitto
1154 3005 1222 3077 tibi
1274 3000 1369 3072 Deus
1391 2994 1555 3070 homines
1577 3000 1691 3072 voluit
1712 3001 1755 3068 dc
1778 2999 1900 3070 multis
1922 2999 2049 3082 rebus,
2073 3009 2109 3066 et
2124 3007 2158 3064 ut
2171 2985 2232 3060 baec

221 3101 429 3187 ‚xeniolum
461 3103 558 3194 qrrod
588 3123 653 3192 pro
683 3103 837 3174 candore
863 3115 944 3174 tuac
965 3117 1112 3178 naturae
1134 3107 1221 3177 boni
1274 3103 1349 3193 ipsa
1370 3101 1604 3192 praemonitio
1620 3101 1864 3172 testimonium
1881 3101 1927 3170 sit
1943 3096 2193 3192 providentiae,
2212 3101 2232 3156 tl

226 3203 420 3277 consulito:
450 3199 621 3296 χαρίτων
636 3199 710 3300 ydp
724 3197 850 3296 θύμος
861 3201 1020 3298 ἄριστος.
1071 3203 1225 3278 Davtdt
1274 3205 1454 3283 ostendat,
1480 3216 1633 3274 mentem
1655 3227 1728 3274 esse
1751 3201 2055 3294 gubernatricem,
2083 3199 2234 3292 qua'epoe

226 3305 363 3400 aliquid
380 3303 564 3378 literarum
581 3303 624 3374 ad
641 3329 708 3376 nos
721 3307 813 3381 date.
846 3303 943 3376 Bene
959 3309 1046 3384 vale.
1082 3311 1131 3381 D.
1146 3307 1223 3383 Au·
1275 3327 1337 3374 nas
1360 3305 1562 3390 minitetur,
1595 3319 1629 3375 et
1644 3317 1684 3376 ut
1700 3305 1827 3374 moniti
1847 3324 2062 3398 quaeramus
2077 3293 2232 3386 mitigatio

225 3401 416 3500 custini³).
1276 3429 1357 3476 nem
1389 3405 1639 3480 calamitatum.
1698 3401 1902 3476 Execranda
1939 3417 1996 3474 est
2030 3403 2124 3472 enim
2148 3395 2234 3468 Stoica

1276 3507 1448 3590 amentia,
1475 3531 1565 3600 quae
1589 3507 1706 3597 lingit,
1731 3529 1854 3577 omnes
1871 3507 2037 3576 omnium
2056 3507 2235 3576 sumersat-

1276 3608 1425 3678 cessario
1446 3608 1622 3690 accidere,
1651 3632 1718 3679 nec
1733 3631 1853 3678 causas
1866 3631 2066 3700 poenarum
2084 3601 2173 3684 tolli,
2194 3617 2236 3664 net

1276 3732 1407 3802 poenas
1430 3709 1536 3780 leniri
1558 3731 1669 3802 posse.
1719 3707 1827 3782 Hunc
1849 3709 2092 3802 perniciosum
2116 3717 2237 3774 errorem

232 3781 444 3916 Q
1062 3815 1123 3880 28·
1137 3807 1224 3895 Aug.
1277 3835 1379 3902 saepe
1391 3807 1488 3880 Deus
1504 3835 1565 3882 sua
1579 3835 1664 3882 voce
1680 3825 1714 3882 et
1729 3811 1928 3882 illustribus
1943 3807 2116 3902 exemplis
2130 3797 2238 3874 taxant

746 3973 755 3994 .
840 3979 850 3998 .
1055 3900 1224 3928 Μ
1277 3927 1318 3984 ut
1334 3911 1441 3982 lonae
1456 3907 1602 3983 historia
1618 3915 1738 3999 docet;
1764 3927 1798 3984 et
1811 3913 1904 3982 filins
1918 3907 1987 3981 Dei
2013 3909 2144 4006 inquit:
2167 3903 2239 3972 osolt

574 3967 625 4052 γ’
653 3967 886 4088 smff‘lw·
1279 4023 1318 4085 ut
1347 4009 1499 4110 possitis
1528 4007 1685 4116 fingere
1709 4021 1861 4086 venturo
1890 4007 2013 4084 molo.
2074 4009 2239 4110 Utrumqaf

301 4119 388 4192 Epist.
403 4117 452 4174 tit.
466 4118 519 4178 111.
536 4135 564 4192 p.
577 4118 639 4178 stt.
656 4119 711 4190 (et.
731 4121 819 4181 tout.
838 4125 886 4184 tib.
900 4127 950 4188 nt.
968 4151 1011 4208 ep.
1026 4139 1108 4206 tata.
1278 4117 1387 4208 igitur
1416 4129 1560 4186 teneant
1584 4117 1662 4208 piae
1686 4129 1838 4188 mentes:
1876 4139 1941 4186 nec
1967 4115 2090 4184 irritas
2110 4131 2176 4179 esse
2194 4101 2238 4174 Do

477 4271 485 4292 .
608 4275 616 4296 .
801 4280 808 4299 .
904 4283 912 4303 ‚
1278 4219 1412 4302 minas,
1447 4217 1530 4312 quia
1560 4241 1642 4286 vere
1661 4217 1829 4292 irascitur
1854 4212 2047 4288 hominum
2066 4207 2239 4310 sceleribus

336 4271 390 4349 D·
422 4271 677 4348 V¹⁶¹⁰m¹⁰
703 4275 939 4380 *ς’Πθώθ
965 4286 1123 4392 (mab)
1279 4333 1313 4391 et
1332 4333 1449 4389 samen
1471 4317 1533 4404 iis,
1564 4319 1626 4413 qui
1649 4321 1693 4388 ad
1717 4321 1832 4412 ipsum
1857 4317 2092 4408 confugiunt,
2119 4307 2241 4394 mitigat¹

235 4415 287 4502 S·
311 4421 359 4500 D.
408 4420 501 4494 Cum
515 4420 652 4496 Dovs'd
664 4425 889 4528 παίει-*μά
907 4447 1217 4536 vogexpffiarem,
1278 4443 1422 4512 poenas.
1469 4417 1597 4492 Sciunt
1616 4433 1735 4514 autem
1755 4415 1918 4490 homines
1937 4419 2062 4504 docti,
2089 4401 2242 4484 dissimilia

236 4553 277 4600 ac
307 4529 384 4620 ipso
413 4527 473 4595 die
501 4549 573 4617 quo
598 4523 802 4621 Augustini
824 4543 993 4614 memori,
1018 4509 1227 4624 celebratur’
1279 4521 1376 4610 signa
1396 4545 1486 4590 esse:
1512 4521 1582 4594 alia
1598 4535 1693 4592 certo
1708 4535 1855 4592 naturae
1872 4519 1999 4591 ordine
2017 4513 2244 4610 significabul

237 4631 306 4700 iter
322 4629 579 4720 ingrederetur,
602 4627 752 4700 libenter
766 4637 809 4702 ad
825 4650 858 4707 te
872 4646 1007 4736 scripsi,
1027 4663 1061 4720 et
1077 4675 1123 4723 ne
1138 4611 1228 4724 Da]
1280 4621 1425 4692 infausti
1442 4623 1575 4714 positus
1590 4621 1764 4710 siderum;
1792 4623 1860 4692 alia
1878 4633 1959 4693 sunt
1974 4615 2169 4712 spectacula
2184 4627 2244 4720 con·

238 4724 303 4798 vid
320 4731 462 4824 utrique
482 4741 645 4800 nostrum
666 4725 891 4806 cbarisdmus
913 4745 989 4816 sine
1007 4753 1094 4824 meis
1115 4755 1230 4830 literis
1280 4737 1333 4793 Ἢ
1367 4735 1513 4794 ”amm
1543 4723 1729 4812 “dimi
1768 4737 1808 4796 ¹¹²
1833 4737 1915 4794 ‘³¹¹²‘
1939 4720 2132 4793 biennium
2158 4714 2245 4798 “⁰9¹⁸

236 4833 282 4899 ad
298 4843 332 4900 te
343 4833 500 4916 veniret,
514 4844 548 4900 et
562 4828 645 4924 quia
660 4829 705 4898 de
721 4825 924 4924 Augustini
938 4851 1116 4926 curriculo
1132 4863 1229 4950 ⁶⁰8i-
1280 4824 1454 4914 scaturigo
1477 4827 1660 4916 sanguinis
1676 4851 1717 4900 ex
1734 4839 1826 4897 terra
1843 4827 1880 4894 in
1897 4847 1982 4914 agro
1997 4846 2075 4893 nou
2091 4803 2244 4914 proculab

237 4945 335 5014 tans,
360 4945 473 5003 vestra
490 4931 596 5006 etiam
614 4931 730 5002 studia
747 4931 922 5008 intuebar.
952 4939 1115 5028 Bibimu,
1130 4963 1228 5034 mm
1281 4924 1413 5016 oppido
1430 4923 1576 4996 ditionis
1589 4925 1772 4998 llildcsiae
1786 4917 2084 5020 Butuntum),
2108 4943 2174 5016 quo
2185 4931 2246 5022 pfl·

1135 5031 1137 5033 ’
1177 5114 1184 5126 Ι
1282 5025 1378 5116 digio
1400 5025 1485 5122 quid
1508 5027 1741 5120 significatum
1766 5027 1838 5125 sit,
1854 5029 1926 5099 iam
1944 5037 2097 5097 eventus
2110 5011 2246 5092 ostenda·

271 5143 298 5208 ll
314 5137 385 5192 ⁰¹¹·
403 5135 496 5207 voigi.
1282 5123 1357 5196 lam
1380 5125 1476 5197 enim
1501 5129 1638 5224 aliquot
1658 5131 1840 5202 mensibus
1856 5123 1955 5202 in'ca
1969 5125 2117 5218 regione
2134 5125 2246 5204 vagatur

269 5223 299 5291 t)
319 5219 380 5276 Vid·
394 5237 437 5288 er·
449 5219 482 5273 td
497 5221 593 5320 suget.
610 5222 692 5326 Ml·
706 5223 776 5326 Aus-
791 5223 816 5282 b·
831 5244 854 5282 ²·
1283 5225 1477 5300 Saronicus
1497 5232 1689 5316 exercitus,
1721 5245 1756 5306 et
1777 5210 2003 5326 magda'pars
2020 5221 2146 5322 oppidi
2157 5211 2246 5290 Bob‘·

184 5337 187 5346 ·
271 5311 299 5374 8)
319 5305 392 5374 Non,
413 5305 1231 5396 utDsnsmspuussbscnptsestsnnoimdsds.1550.
1287 5363 1509 5380 --.......

272 5391 303 5462 *i
320 5391 462 5462 Chim·
1318 5431 1348 5501 t)
1366 5429 1429 5486 vlt.
1445 5451 1488 5505 ep.
1501 5435 1529 5490 tl.
1540 5433 1583 5491 ω.
1595 5435 1666 5508 bug.
1681 5434 1755 5495 1848.

2097 1577 2217 1592 unu—*¹*
