4730 6202
249 357 348 436 1099

227 528 347 620 eum*
396 527 467 604 Hic
488 533 634 624 angelus
657 531 774 604 Filius
796 531 871 626 ipse
891 527 979 618 Dei,
1004 531 1140 604 aeterni
1164 528 1233 630 Pa-

236 639 319 723 tris,
345 648 379 706 et
393 648 428 705 te
443 648 479 704 ct
492 647 590 705 tuam
607 635 833 706 domesticam
852 631 1045 704 Ecclesiam
1064 648 1233 726 proteget,

236 753 274 812 et
287 737 376 810 texit
388 731 569 810 hactenus.
620 735 747 829 Saepe,
773 736 970 828 adspiciens
992 759 1088 805 meas
1108 759 1234 830 parvas

236 837 382 922 filiolas,
404 849 440 908 et
454 837 634 928 gravidam
655 837 785 922 filiam,
811 838 944 926 cogito,
969 851 1010 908 ut
1024 837 1235 927 vagantibus

237 941 278 1011 in
299 937 427 1010 iudaea
441 937 730 1030 petulantissimis
748 937 940 1023 militibus,
964 935 1136 1034 Syriacis,
1162 933 1235 1010 Ae-

237 1041 387 1136 gyptiis,
423 1035 609 1126 Arabicis,
644 1036 839 1124 Parthicis,
878 1052 997 1109 tamen
1019 1037 1124 1110 Deus
1149 1039 1235 1110 terit

177 1151 186 1156 '
238 1141 404 1224 Mariam,
426 1163 582 1212 sororem
598 1139 685 1226 cius,
710 1155 745 1212 et
760 1141 888 1210 multas
903 1142 1028 1226 forma,
1052 1139 1235 1234 sapientia,

238 1245 370 1313 virtute
391 1255 625 1332 praestantes,
650 1265 729 1312 cum
752 1241 927 1340 praesidia
954 1236 1111 1312 humana
1134 1241 1234 1311 nulla

237 1339 430 1427 haberent,
461 1343 570 1413 itaet
595 1364 692 1413 nunc
713 1339 891 1413 Ecclesiae
918 1343 1086 1436 reliquias
1114 1343 1155 1413 in
1177 1339 1235 1413 his

237 1443 368 1514 nostris
383 1443 497 1514 exiliis
511 1459 546 1516 et
561 1444 712 1513 miseriis
727 1443 908 1526 custodiri,
925 1468 1005 1514 cum
1020 1445 1164 1537 quidem
1179 1439 1235 1514 his

238 1545 454 1617 turbulentis
484 1546 702 1636 temporibus
732 1545 823 1614 tueri
851 1552 933 1613 nos'
949 1546 1041 1635 leges
1071 1545 1235 1637 politicae

238 1670 315 1718 non
330 1646 477 1738 possint.
512 1645 610 1715 Tuas
625 1647 746 1716 literas
761 1647 864 1714 aride
880 1660 1040 1738 exspecto
1057 1661 1091 1716 ct
1105 1646 1236 1735 flagito.

239 1747 325 1817 Post
345 1740 493 1816 Baltisi
514 1738 679 1840 Gorgiae
707 1743 900 1844 ἀσέλγειαν
919 1742 982 1819 καὶ
1005 1767 1233 1843 nonencorte*-

238 1843 328 1920 vtae
342 1871 437 1918 nunc
450 1871 556 1918 senex
571 1847 699 1934 ltalus,
725 1843 950 1932 Stancarus,
976 1873 1087 1918 novos
1101 1850 1236 1919 tumul-

240 1961 297 2022 tus
312 1949 448 2020 excitat.
497 1945 708 2032 Contendit,
731 1945 912 2020 Christum
928 1964 1064 2021 tantum
1081 1945 1236 2019 humana

239 2063 365 2120 natura
380 2047 615 2120 Mediatorem
632 2073 717 2134 esse,
742 2046 804 2121 καὶ
820 2047 890 2141 ἔχει
905 2048 1017 2130 ἄλλας
1030 2075 1134 2130 τινας
1147 2073 1236 2122 κου-

240 2144 429 2247 φολογίας.
477 2149 565 2220 Heri
590 2153 635 2220 de
652 2152 736 2242 ‘ipso
761 2155 805 2222 ad
830 2149 1033 2222 Electorem
1057 2145 1236 2222 Marabi-

240 2273 321 2320 cum
334 2251 548 2343 scripsimus.
600 2251 671 2324 Sed
695 2277 752 2322 me
776 2249 893 2322 abhis
909 2254 994 2322 rixis
1018 2254 1119 2324 brevi
1141 2277 1236 2324 mors

238 2351 417 2426 liberabit.
463 2349 568 2422 Prius
584 2366 701 2422 tamen
718 2355 875 2447 colloqui
891 2367 1006 2424 tecum
1024 2355 1139 2446 cupio.
1188 2352 1234 2424 Et

239 2477 315 2523 non
330 2453 477 2542 despero
491 2454 720 2548 colloquium.
763 2455 866 2524 Nunc
883 2457 1038 2526 retineor
1051 2457 1136 2525 novi
1150 2457 1235 2526 belli

206 2599 215 2608 -
239 2552 406 2626 Saxonici
428 2553 551 2638 initio,
576 2557 672 2648 quod
695 2551 811 2625 adhuc
835 2569 886 2625 est
907 2551 1112 2649 μυομαχία.
1164 2557 1236 2628 Sed

239 2668 359 2726 metuo
375 2653 523 2725 maiores
539 2671 666 2727 motus.
710 2655 836 2726 Comes
851 2656 1141 2742 Mansfeldcnsis,
1168 2652 1234 2725 Al-

240 2753 334 2826 herti
356 2756 469 2840 filius,
501 2757 631 2826 indixit
659 2757 792 2827 bellum
816 2755 992 2850 Episcopo
1017 2757 1235 2848 Magdebur-

239 2857 348 2948 gensi.
400 2855 499 2926 Bene
525 2859 603 2926 vale
632 2871 667 2928 et
693 2859 857 2930 rescribe.
901 2858 968 2930 Die
992 2855 1028 2931 6.
1053 2855 1236 2947 Octobris,

242 2953 374 3056 [Anno
394 2954 503 3032 1656.
520 2951 561 3058 *]

938 3058 1136 3156 Philippus.

841 3279 1242 3296 anu—*affl

255 3421 322 3499 No.
339 3425 453 3500 5227.

250 3520 460 3558 Μ

1105 3445 1139 3508 6.
1155 3435 1226 3502 Oa.

500 3685 510 3700 .
561 3621 613 3708 G.
646 3623 922 3712 Setncccero.

308 3791 387 3850 Edita
401 3793 429 3848 in
445 3793 514 3852 Cher.
532 3795 628 3852 Gotttr.
647 3797 786 3852 Wrtrbehr’i
802 3799 906 3854 arcanis
926 3799 1107 3858 bibliotbtcae
1128 3805 1235 3861 Annae·

343 3865 418 3934 berg.
436 3883 463 3936 p.
477 3866 536 3922 118.
571 3867 685 3936 (Luna.)

240 4010 466 4090 Clarissimo
486 4017 598 4107 Viro,
632 4017 799 4114 doctrina
819 4034 850 4094 el
869 4024 998 4097 virtute
1017 4029 1238 4126 praestanti,

239 4116 295 4196 D.
321 4113 524 4214 Georgia
548 4117 816 4195 Selnescero
843 4123 948 4198 Iuris
975 4127 1140 4201 consulto
1169 4133 1237 4202 rei-

342 4219 427 4320 pab.
444 4217 750 4317 Noribergensis,
776 4225 895 4298 antico
918 4253 986 4301 sao
1008 4229 1135 4308 cariss.

242 4354 290 4440 S.
317 4367 362 4438 D.
409 4367 611 4440 Clarissima
635 4373 699 4442 vir.
753 4373 881 4446 Locuti
904 4401 1024 4448 sumus
1048 4403 1110 4469 ego
1134 4394 1170 4451 et
1184 4381 1237 4456 Μ.

241 4461 393 4566 Caspar
415 4493 522 4561 gener
543 4497 641 4542 meras
665 4489 699 4544 et
722 4473 774 4544 M.
789 4471 1036 4548 Sebastianus
1058 4506 1138 4551 curn
1163 4483 1237 4552 filio

231 4581 303 4641 'tuo
323 4569 368 4660 ¹),
400 4589 440 4642 ut
455 4573 609 4646 voluisti.
661 4573 794 4646 Suasor
816 4579 886 4662 tui,
912 4595 952 4650 ut
972 4589 1238 4654 commendare·

240 4678 301 4743 tui·
321 4673 426 4742 alicui
449 4697 490 4742 ex
514 4677 773 4764 professoribus
794 4677 905 4765 luris,
932 4686 1137 4772 praesertim
1161 4683 1237 4756 Do-

241 4773 331 4846 ctori
348 4767 648 4856 Schneidewino,
675 4801 780 4870 quem
801 4782 865 4850 tibi
882 4797 1006 4852 notum
1028 4809 1101 4856 esse
1119 4789 1238 4857 existi-

123 4949 127 4956 ,
240 4897 312 4946 mo.
360 4867 469 4945 Multi
488 4877 582 4944 enim
605 4893 688 4950 saint
703 4879 741 4947 in
757 4885 879 4974 repub.
903 4899 1013 4954 vestra
1032 4887 1100 4955 viri
1116 4890 1239 4958 erudi-

242 4975 341 5043 tione
358 4989 391 5044 et
409 4977 537 5044 virtute
555 4992 786 5068 praestantes,
809 4983 870 5075 qui
895 5009 973 5054 curn
999 4989 1062 5056 illo
1086 4991 1238 5059 familia-

214 5075 381 5144 'rissime
402 5075 576 5150 vixerunt.
626 5076 672 5149 Et
697 5075 856 5152 hortator
880 5109 957 5154 sum
983 5088 1073 5173 tilio,
1098 5107 1138 5161 ut
1157 5117 1236 5162 eum

279 5341 308 5414 ¹⁸¹)
330 5344 360 5396 ln
376 5362 447 5397 anno
462 5345 618 5428 manifestos
631 5367 724 5412 esrom
743 5369 803 5404 nam
816 5352 963 5429 Dryander
976 5371 1099 5415 mortuus
1114 5373 1152 5420 est
1164 5385 1238 5424 anno

316 5411 389 5468 1558.
426 5411 483 5466 bno
498 5424 536 5465 ert
551 5427 650 5486 scripta
665 5435 737 5470 anno
755 5421 830 5474 1562.

283 5494 308 5562 l)
328 5493 447 5564 Nicolao¹
457 5491 634 5556 Sitneccero.
653 5511 743 5570 postea
757 5502 897 5576 Theologo
911 5506 1069 5581 Lipsientai

824 339 1266 436 urrsronlnuu
1312 355 1525 443 aaran.
1580 327 1707 438 rasa.

2164 365 2238 436 110⁰
2259 401 2262 412 ·

1286 529 1475 624 diligenter
1498 533 1629 604 aucliat.
1672 533 1854 608 Promittit
1878 560 1976 607 suam
2001 559 2132 628 operam
2152 531 2240 604 Seba-

1286 631 1432 704 stianus
1456 628 1674 706 Theodorus
1692 633 1739 732 ²),
1777 639 1835 706 vir
1859 637 2035 722 eruditus,
2066 631 2177 728 hospes
2193 639 2242 706 filii

1287 738 1357 820 tui,
1384 737 1480 830 quod
1505 737 1584 808 ideo
1605 738 1781 828 significo,
1814 761 1859 807 ne
1880 738 1928 810 sis
1950 738 2117 810 sollicitus
2131 739 2244 812 detilio.

1291 836 1401 906 Valde
1425 832 1514 908 mihi
1537 839 1649 930 placet
1667 839 1849 932 ingenium
1865 839 1950 926 filii,
1974 839 2137 910 modestia
2150 841 2246 931 etpia-

1288 953 1350 1008 tas.
1408 937 1556 1010 Dicebat
1581 963 1618 1010 se
1644 941 1750 1010 malie
1773 941 1892 1011 studio
1915 935 2126 1031 Theologico
2147 939 2247 1010 inamo-

1289 1040 1369 1112 rari.
1417 1037 1514 1110 Haec
1538 1035 1634 1110 enim
1657 1056 1758 1112 erant
1779 1042 1897 1132 ipsius
1912 1043 2032 1116 verba.
2081 1040 2146 1112 Sed
2165 1065 2246 1134 erpo-

1288 1141 1342 1212 sui
1366 1141 1399 1210 ei
1423 1153 1520 1212 tuam
1542 1143 1779 1228 voluntatem,
1811 1157 1845 1214 et
1860 1143 2016 1213 rationes
2031 1142 2166 1226 addidi,
2186 1141 2247 1235 qni-

1290 1245 1354 1312 bus
1375 1241 1615 1312 existimabam
1638 1243 1796 1312 animum
1819 1243 1895 1314 eius
1918 1244 2012 1314 flecti
2032 1265 2129 1335 posse
2149 1243 2187 1312 ad
2205 1257 2249 1312 tua

1287 1343 1402 1413 studia
1423 1343 1682 1430 continuanda,
1716 1357 1751 1415 et
1772 1369 1875 1438 spero
1889 1369 1977 1434 ,eum
1993 1344 2032 1414 in
2049 1339 2115 1415 hoc
2131 1345 2249 1415 consilio

1288 1444 1532 1536 acquieturum
1562 1467 1645 1518 esse.
1704 1443 1776 1514 Pro
1808 1469 1954 1516 munere
1976 1447 2089 1516 debeo
2114 1459 2146 1516 et
2162 1439 2250 1516 habeo

1289 1546 1352 1613 tibi
1374 1546 1535 1636 gratiam.
1587 1541 1851 1616 Sebastianum
1868 1541 2082 1642 Magnam,
2104 1547 2251 1641 quituurn

1289 1645 1400 1716 hlium
1423 1670 1497 1715 non
1522 1647 1659 1731 minus,
1692 1673 1799 1742 quam
1815 1649 1999 1742 proprium
2017 1662 2128 1734 amat,
2151 1649 2252 1716 saluta-

1290 1747 1341 1815 bis
1368 1771 1445 1816 meo
1467 1749 1613 1816 nomine
1636 1747 1835 1838 diligenter.
1888 1749 2052 1823 Scribere
2073 1749 2105 1818 ei
2123 1749 2186 1818 iam
2199 1771 2252 1816 non

1289 1848 1407 1940 potui,
1438 1847 1520 1939 quia
1553 1851 1688 1918 obruor
1720 1849 1882 1940 negotiis.
1942 1849 2041 1922 Bene
2072 1864 2106 1922 et
2136 1849 2253 1920 feliciter

1290 1949 1376 2018 vale.
1426 1945 1494 2018 Die
1509 1947 1544 2018 6.
1562 1945 1742 2020 Octobris.
1794 1949 1902 2022 Anno
1926 1951 2034 2028 1552.

1806 2047 1994 2146 Philippus
2010 2046 2221 2125 Melanthon.

1319 2285 1567 2296 now-m·-
2076 2287 2256 2300 ιιι-αμυσαι.

1300 2449 1366 2525 No.
1383 2450 1495 2524 5228.

1297 2553 1506 2588 Μ

2137 2469 2167 2529 s.
2184 2457 2239 2521 Oa.

2111 2547 2253 2578 w

1573 2650 1682 2766 apt.
1709 2630 2000 2740 Statbmtone'.

1358 2831 1442 2905 Epist.
1461 2831 1508 2886 lib.
1519 2829 1553 2884 ll.
1572 2847 1601 2901 p.
1612 2831 1674 2886 tes.
1692 2832 1747 2899 (ed.
1761 2832 1847 2888 land.
1865 2831 1916 2888 lib.
1928 2833 1963 2890 ll.
1979 2851 2023 2906 ep.
2036 2834 2125 2902 448).

1412 3001 1466 3075 D.
1496 2997 1840 3102 Christophoro
1865 3001 2168 3080 Stathmioni

1289 3141 1335 3228 S.
1364 3155 1406 3230 D.
1456 3151 1534 3224 Etsi
1563 3177 1664 3246 spero
1693 3153 1829 3246 aliquos
1852 3152 1930 3224 istic
1952 3155 2020 3224 tihi
2049 3179 2114 3246 pro
2135 3152 2261 3223 medica-

1289 3259 1386 3327 tione
1408 3269 1524 3345 gratos
1547 3279 1637 3339 esse;
1672 3268 1789 3324 tamen
1804 3250 2024 3325 Oecononria
2051 3258 2171 3328 narrltis
2190 3253 2261 3322 iudi-

1289 3373 1356 3453 get.
1401 3356 1483 3427 ideo
1500 3381 1601 3448 saepe
1615 3359 1660 3424 de
1676 3369 1711 3424 tc
1726 3355 1851 3444 cogito.
1896 3354 1937 3424 ln
1954 3355 2158 3428 Academiis
2172 3357 2262 3425 maior

1291 3458 1404 3530 honos
1430 3455 1581 3528 habetur
1607 3470 1641 3526 et
1666 3458 1821 3525 medicae
1848 3459 1915 3526 arti
1941 3473 1976 3528 et
2003 3457 2261 3530 Mathematicae.

1292 3561 1361 3631 Nec
1378 3561 1472 3630 vocis
1489 3559 1667 3629 contentio
1685 3559 1721 3626 iu
1737 3553 1793 3626 his
1807 3559 1941 3628 artibus
1956 3561 2162 3652 requiritur.
2192 3556 2261 3627 Cum

1290 3677 1404 3734 autem
1420 3663 1623 3753 inutraque
1638 3683 1762 3749 genere
1776 3659 1890 3729 studia
1906 3661 2104 3731 multorum
2119 3675 2152 3732 et
2166 3662 2261 3730 iurare

1290 3779 1323 3836 et
1338 3765 1526 3833 accendere
1542 3759 1664 3852 possis,
1691 3763 1842 3851 optarim
1860 3775 1893 3831 te
1907 3763 1944 3830 in
1961 3759 2154 3832 Academia
2169 3763 2262 3852 aliqua

1290 3889 1374 3937 esse.
1426 3860 1752 3933 Dehacrevelim
1778 3856 1878 3932 lead
1904 3887 1960 3932 me
1985 3867 2152 3936 scribere.
2205 3858 2261 3930 Etsi

1291 3969 1385 4036 enim
1403 3990 1500 4034 nunc
1515 3965 1607 4034 bella
1626 3976 1718 4032 mota
1735 3979 1835 4035 suut:
1870 3979 1988 4035 tamen
2004 3963 2201 4061 Halcyonia
2215 3963 2261 4030 ali·

1290 4069 1370 4137 cubi
1385 4069 1483 4138 Deus
1500 4067 1640 4148 tribuet,
1666 4088 1710 4134 ne
1725 4053 1907 4134 doctrinae
1923 4066 2064 4156 penitus
2081 4068 2262 4155 extinguan-

1291 4187 1358 4242 tur.
1419 4165 1525 4255 Quod
1561 4167 1692 4235 librum
1722 4167 2066 4237 demonstrationum
2094 4163 2263 4240 instituisti.

1290 4271 1408 4340 iudico
1433 4267 1619 4338 consilium
1643 4267 1731 4336 utile
1748 4291 1836 4352 csse,
1866 4269 2018 4338 invitare
2035 4273 2263 4340 adolescentes

1291 4386 1330 4440 ut.
1351 4383 1524 4463 quaerant
1547 4369 1875 4443 demonstrationes.
1924 4368 2014 4439 Nam
2037 4386 2073 4441 et
2095 4373 2180 4441 olim
2193 4381 2262 4438 artes

1290 4487 1476 4562 corruptae
1504 4484 1608 4552 sunt,
1650 4483 1683 4538 et
1717 4494 1812 4540 nunc
1839 4487 2120 4562 corrumpuntur
2146 4465 2261 4542 licentia

1290 4597 1429 4656 curram,
1454 4573 1514 4664 qni
1532 4587 1600 4641 tam
1616 4573 1727 4641 multa
1742 4572 1903 4642 scribunt
1918 4567 2179 4670 ἀσυλλόγιστα.
2201 4561 2261 4656 περὶ

1289 4670 1507 4768 κριτηρίων,
1536 4673 1637 4742 video
1654 4685 1685 4740 te
1703 4673 1802 4766 sequi
1819 4666 1961 4743 Galeni
1975 4675 2102 4758 rerba,
2133 4673 2192 4768 qui
2206 4669 2262 4742 nri·

1290 4801 1360 4868 ραν
1382 4771 1444 4846 καὶ
1465 4767 1578 4872 λόγον
1596 4773 1769 4844 nominat.
1822 4771 1869 4844 Et
1884 4775 1922 4844 in
1938 4773 2094 4846 Ecclesia
2111 4773 2176 4848 Dei
2193 4787 2261 4843 recte

1291 4877 1452 4946 addimus
1477 4875 1724 4965 pattefactiones
1747 4875 1896 4948 divinas.
1947 4873 2023 4968 Ego
2052 4877 2171 4946 verbis
2192 4867 2261 4942 Pit·

1291 4969 1414 5071 tnrctti
1427 4993 1519 5056 utor,
1546 4989 1580 5044 ct
1597 4975 1742 5044 nomino
1760 4971 2021 5066 Experientiam
2038 4969 2260 5048 universalem.

1293 5079 1484 5170 Principia,
1511 5091 1546 5147 et
1562 5073 1780 5147 intellectum
1798 5079 2079 5170 consequentiae.
2133 5079 2183 5150 De
2197 5097 2259 5144 coo

1291 5181 1458 5250 troversia
1482 5171 1655 5246 Platonis
1679 5192 1712 5246 et
1739 5172 1947 5248 Aristotelis
1975 5180 2182 5272 simpliciter
2204 5197 2258 5242 am·

1293 5281 1425 5372 plector
1441 5273 1614 5349 Platonis
1636 5279 1864 5364 sententiam,
1890 5283 1950 5374 qui
1976 5281 2099 5350 insitas
2126 5305 2191 5350 csse
2211 5273 2259 5342 ali·

1297 5443 1510 5454 ...nno-am·-

1324 5522 1351 5596 2)
1372 5520 1481 5582 Ductor
1498 5527 1526 5579 in
1546 5522 1690 5581 Academia
1707 5521 1834 5594 Viteberp
