4680 6220
101 257 107 266 ’
179 218 292 356 ω
419 297 423 304 -
799 273 1240 352 urrsrouauuu
1288 279 1399 352 nro.
1424 278 1488 354 xr.
1543 277 1678 358 usas.
2114 232 2118 238 ’
2169 284 2232 360 en

217 448 399 536 δέξασθαι
413 450 477 526 καὶ
491 449 701 527 ἀποδοῦναι
715 444 870 552 λόγους,
897 466 932 522 et
951 475 1008 522 me
1021 461 1127 546 'saepe
1143 451 1214 520 uti·
1265 453 1304 524 iu
1328 447 1394 522 bac
1416 464 1512 524 tanta
1533 453 1683 542 caligine
1709 465 1744 524 et
1766 451 1975 523 contusione
1989 453 2186 545 opinionum
2206 469 2234 524 et
2305 531 2306 539 χ

217 557 299 624 liter
313 559 471 637 monuit,
488 571 606 626 tamen
623 569 658 626 et
671 550 763 624 banc
777 555 951 644 placidam
969 554 1216 644 migrationem
1264 555 1488 626 voluntatum
1507 557 1600 628 mala
1623 555 1903 637 inextricabilia,
1924 571 2071 646 propter
2087 559 2234 648 quarab-
2302 544 2307 612 ’Ϊ

104 723 112 730 .
217 658 387 748 gratulor.
440 657 568 732 Multis
583 654 678 728 enim
694 654 903 726 tristissimis
916 656 1124 748 spectaculis
1140 678 1216 724 ere·
1266 659 1349 726 dere
1381 681 1417 725 se
1435 657 1473 724 in
1499 657 1725 726 densissimos
1748 657 1858 725 saltus
1881 651 2043 728 homines
2066 680 2144 726 sane
2163 659 2235 728 mal-

217 773 301 852 ptus
317 774 380 831 est.
408 758 519 852 Saepe
534 763 578 838 de
597 773 633 830 te
647 771 806 834 amanter
820 759 959 830 locutus
974 773 1027 829 est
1039 754 1096 828 bis
1114 779 1216 826 men·
1265 757 1358 844 leut,
1397 781 1503 852 quarn
1538 759 1707 830 interesse
1746 756 2063 829 deliberationibus
2096 759 2235 850 publicis,

214 863 335 946 sibus,
361 862 493 956 quibus
509 861 723 951 aegrotavit,
743 859 866 930 lite'ras
880 875 976 945 tuas,
1002 861 1141 954 quoties
1160 855 1229 928 ac-‘
1267 874 1330 932 aut
1346 884 1464 950 regere
1482 862 1680 934 conciones.
1732 859 1804 932 Sed
1820 873 1937 932 umen
1951 875 2236 930 necesscestcom-

219 964 397 1054 cepimus,
437 963 641 1033 avidissime
677 961 774 1051 legit.
842 961 1003 1033 Scribam
1033 962 1067 1032 ei
1105 953 1218 1058 λόγον
1267 963 1369 1033 muni
1394 959 1580 1032 hominum
1604 962 1762 1032 societati
1780 985 1854 1032 non
1870 961 2000 1036 deesse.
2051 960 2166 1055 ltaque
2186 963 2235 1032 etsi

219 1058 433 1162 ἐπιτάφιον,
460 1066 500 1135 in
525 1090 597 1160 quo
618 1065 749 1136 multos
774 1063 850 1135 eius
871 1063 1130 1135 eruditissimos
1144 1085 1219 1130 scr·
1268 1089 1334 1136 nec
1349 1055 1539 1134 Osinndri
1560 1083 1630 1134 nec·
1647 1063 1800 1134 aliorum
1821 1057 2053 1157 consilium)
2069 1059 2237 1156 reprehcu·
2306 1135 2307 1139 ,

217 1191 342 1238 mones
356 1168 524 1240 recitabo.
557 1166 699 1256 Faciam
713 1166 767 1236 ibi
782 1179 816 1237 et
830 1179 911 1236 tuae
927 1165 1102 1236 amicitiae
1119 1186 1220 1233 men·-
1268 1169 1333 1252 do,
1360 1165 1423 1260 qui
1439 1167 1577 1238 malunt
1590 1165 1819 1260 tranquillius
1831 1165 1969 1246 vivere,
1994 1178 2194 1238 tamencum
2209 1167 2237 1234 in
2304 1163 2307 1244 j'

219 1270 364 1342 tionem.
471 1304 479 1310 ·
1268 1262 1758 1362 templis‘vestris-bactenus
1789 1260 1883 1337 nihil
1906 1279 2044 1358 practer
2071 1259 2238 1364 ἀδιάφορα
2301 1255 2309 1340 i

322 1370 431 1441 Mitto
457 1371 524 1442 tibi
545 1369 700 1467 pagellas
723 1369 973 1461 disputationis
996 1381 1139 1440 nostrae
1163 1391 1220 1436 re-
1250 1373 1442 1466 *quaedam
1470 1383 1613 1442 mutata.
1635 1371 1724 1452 sint,
1773 1367 1892 1440 iudico
1919 1367 1977 1460 pie
2000 1393 2139 1440 manere
2156 1391 2238 1462 posse
2303 1391 2309 1410 ²

219 1471 398 1564 centis²)‚
439 1487 474 1543 et
503 1473 775 1544 conciunculam
801 1473 982 1544 recitatam
1015 1461 1220 1561 aGeorgio
1269 1473 1548 1548 concionatores.
1604 1469 1775 1543 Feramus
1796 1471 1968 1566 quaedam
1991 1495 2116 1558 onera,
2145 1494 2239 1565 quau·
2304 1499 2309 1544 3¹

204 1571 375 1650 Maiore
392 1575 430 1644 in
455 1577 724 1664 renunciatione
738 1575 878 1662 gradus.
929 1569 1060 1645 Adbuc
1075 1573 1219 1666 quidem
1270 1601 1375 1669 quam
1391 1575 1572 1660 insuavia,
1597 1573 1627 1644 si
1646 1572 2239 1665 tamenvoxdoctrinaecorrumpc·

218 1679 287 1758 Dei
310 1677 480 1749 beneficio
504 1677 620 1746 studia
637 1677 818 1747 doctrinae
841 1671 902 1746 hic
916 1675 1109 1746 mediocria
1126 1686 1221 1757 sunt,
1269 1692 1347 1760 tur,
1380 1701 1446 1748 nec
1469 1677 1685 1770 recipientur
1714 1675 1984 1770 depravationes
2013 1679 2078 1770 τῆς
2101 1679 2238 1766 leccovn
2308 1725 2309 1728 κ

219 1767 310 1873 quae
332 1793 373 1849 ut
390 1777 502 1848 Filius
517 1776 584 1848 Dei
608 1791 768 1862 tueatur,
794 1791 870 1849 toto
890 1803 970 1850 eum
991 1793 1130 1870 pectore
1144 1799 1219 1848 oro.
1268 1775 1364 1880 plag,
1387 1782 1430 1850 de
1444 1779 1576 1874 quibus
1588 1779 1740 1872 optarim
1757 1801 1859 1872 posse
1876 1779 1999 1848 doctos
2017 1779 2072 1870 pie
2086 1777 2230 1870 colloqui.
2308 1815 2309 1820 κ

221 1875 318 1972 Quid
352 1878 558 1952 Conventus
588 1880 703 1970 gentis
736 1877 923 1975 Mysorum
960 1880 1132 1950 allaturus
1162 1878 1221 1962 sit,
1371 1879 1477 1952 Nunc
1492 1883 1536 1952 de
1549 1883 1750 1974 paedagogo
1766 1881 1923 1951 liliorum
1940 1873 2112 1973 Genderi.
2153 1877 2238 1950 Mitto
2302 1911 2309 1947 η

218 1984 415 2054 audiemus.
472 1973 646 2076 Cygneae
678 1981 792 2052 biduo
813 1983 1029 2052 audiverunt
1057 1975 1221 2051 homiues
1270 1983 1314 2054 ad
1337 2007 1401 2054 vos
1423 1981 1635 2074 Magistrum
1657 1975 1869 2054 Iohannem
1885 1975 2110 2052 Moibanam
2130 1977 2239 2052 Docto·

219 2085 321 2176 digni
348 2085 417 2156 fide
448 2084 583 2155 foetum
611 2085 704 2154 clare
730 2081 943 2164 eiulantem,
976 2105 1082 2176 quem
1108 2095 1222 2152 mater
1270 2081 1521 2156 risMoibani
1535 2085 1820 2157 Vratislavirnsis
1836 2084 1968 2168 filium,
1991 2085 2028 2154 in
2045 2109 2113 2178 qno
2129 2095 2238 2153 caetera

219 2187 365 2278 gravida
388 2179 506 2257 adhuc
536 2185 575 2254 in
596 2200 698 2256 utero
722 2199 846 2274 gestat:
884 2185 1087 2256 Denunciat
1112 2183 1222 2271 igitur
1271 2202 1354 2258 sunt
1368 2189 1488 2260 omnia
1508 2213 1597 2282 quae
1616 2188 1818 2279 postulatis,
1844 2200 1981 2279 praeter
1997 2182 2153 2259 aetatem.
2185 2183 2240 2254 Lo-

186 2290 388 2358 'Vffllssrts
411 2287 644 2370 talssmstsslflss
686 2311 772 2380 quas
792 2283 889 2358 Deus
915 2286 1066 2378 mitiget.
1123 2283 1221 2355 Bone
1270 2291 1344 2362 tine
1361 2305 1396 2361 et
1411 2288 1546 2360 Graece
1560 2290 1645 2359 etin
1662 2285 1893 2382 Philosophia
1913 2301 1947 2359 et
1967 2287 2126 2360 doctrina
2141 2281 2239 2355 Eccle-
2307 2275 2309 2284 ¹

166 2389 173 2397 ’
217 2404 256 2468 et
272 2389 422 2464 feliciter
438 2389 526 2467 vale.
577 2393 614 2464 δ.
632 2385 851 2464 Decembris.
1271 2393 1343 2464 siae
1359 2393 1536 2486 praeclare
1551 2394 1676 2462 doctus
1689 2407 1758 2478 est,
1785 2406 1819 2463 ct
1832 2414 1948 2462 mores
1963 2405 2048 2460 sunt
2063 2389 2159 2471 casti,
2178 2411 2238 2478 gra·

741 2517 930 2618 Philippu-s
944 2520 1170 2600 Melanthon·
1272 2517 1349 2580 ves,
1379 2495 1486 2613 plen-i·
1500 2495 1625 2580 officii,
1651 2505 1685 2564 et
1708 2493 1842 2565 erudiit
1865 2488 1922 2612 bic
1946 2493 2086 2612 aliquos
2102 2491 2233 2613 feliciter.

821 2643 827 2648 ·
1270 2595 1409 2667 Harum
1432 2609 1603 2668 vertutum
1633 2597 1738 2667 decus
1760 2597 1840 2690 plus
1868 2620 1902 2665 es
1931 2607 2130 2667 outorrtatrs
2149 2591 2236 2672 addet,

1271 2691 1377 2793 qnam
1392 2713 1495 2768 aetas.
1547 2695 1745 2769 Potuissem
1758 2699 1898 2780 mittere
1910 2695 2021 2767 alium
2037 2695 2238 2790 grandiuscu-

323 2828 446 2900 Sequens
459 2827 585 2884 schedula
599 2825 684 2882 literis
698 2827 924 2900 praecedentibus
935 2825 1042 2882 inclusa
1055 2823 1125 2880 faits
1270 2803 1368 2882 lumi
1390 2803 1451 2871 sed
1468 2793 1655 2872 Nimiam
1681 2801 1786 2871 eliam
1808 2796 1970 2908 hollam
1995 2812 2087 2886 erili,
2109 2793 2194 2868 hunc
2211 2803 2240 2910 {ll

1271 2907 1535 2977 anteferremus.
1593 2901 1721 2973 Vestro
1754 2916 1874 2974 tamen
1906 2901 2040 2971 iudicio
2064 2913 2098 2971 et
2119 2899 2240 2969 arbitno

1269 3006 1507 3100 permittimus
1531 3019 1566 3076 et
1584 3003 1659 3095 ipse
1678 3017 1712 3074 et
1728 3027 1812 3094 ego,
1836 3027 1883 3073 an
1901 3002 1934 3072 ei
1950 3001 2240 3072 commendandam

1270 3133 1343 3181 esse
1356 3105 1448 3179 hanc
1465 3107 1712 3196 paedagogiam
1733 3106 1912 3180 censeatis.

1372 3209 1426 3282 De
1445 3201 1622 3282 cunradi
1636 3201 1816 3278 Maaseri
1838 3202 2053 3281 haereditate
2077 3210 2242 3304 quaesout
2303 3243 2309 3300 1,

1271 3311 1462 3404 significari
1498 3311 1574 3380 eius
1605 3309 1685 3380 liliis
1716 3323 1751 3380 et
1771 3311 1961 3381 consilinm
1982 3324 2085 3383 tuum
2110 3328 2199 3380 cures
2218 3311 2243 3368 el
2308 3364 2309 3400 3

1273 3427 1425 3510 quantae
1438 3413 1510 3484 sint
1531 3411 1712 3483 facultates
1727 3423 1762 3484 et
1777 3437 1847 3508 quo
1865 3413 2090 3484 collocandas
2106 3403 2173 3482 esse
2187 3403 2243 3476 exi·
2308 3469 2309 3498 1

1272 3517 1404 3590 stimes.
1456 3507 1642 3606 Orphani's
1666 3509 1752 3586 haec
1774 3515 1886 3606 pietas
1911 3527 1983 3585 ate
1998 3516 2148 3586 libenter
2161 3527 2243 3606 prae·
2308 3568 2309 3610 Ξ

1272 3617 1435 3694 stabitur.
1483 3613 1581 3688 Bene
1596 3615 1684 3690 vale.
1738 3617 1773 3693 δ.
1787 3611 2051 3714 Decembris²).

1820 3713 1979 3814 Philipp.
1994 3709 2207 3792 Melantboo.
2308 3772 2309 3810 ,

244 2991 253 2997 ·
322 2951 454 3024 Petivit
485 2944 675 3022 Geaderus
716 2951 812 3022 mitti
852 2953 1092 3042 paedagogum
1127 2947 1220 3022 filiis.

220 3055 309 3129 Misi
333 3055 451 3144 igitur.
470 3048 567 3124 bunc
588 3051 802 3142 Magistrum
826 3046 1037 3122 Iohannem
1058 3045 1220 3122 Meiba·

221 3153 372 3253 num¹),
395 3154 499 3226 Doct.
513 3149 694 3225 Mothana·
709 3153 994 3227 Vratislaviensis
1008 3155 1141 3240 tilium,
1155 3155 1222 3224 do-

208 3265 318 3332 'ctum
347 3255 550 3342 hominem,
590 3269 625 3326 et
665 3255 809 3348 optimis
844 3257 1004 3328 moribus
1044 3270 1221 3329 ornatum.

149 3411 157 3422 ·
221 3361 344 3453 Quare
359 3373 397 3434 tu
414 3381 557 3455 quoquc
570 3381 652 3430 eum
675 3359 928 3453 complectere,
953 3373 988 3430 et
1002 3382 1131 3430 ornare
1146 3370 1222 3430 stu·

220 3467 315 3536 dcto.

1075 3885 1108 3947 8.
1127 3875 1208 3948 nab.
2182 3921 2246 3944 ..-
2308 3889 2309 3912 ³

231 3967 446 4006 m
2308 4005 2309 4012 ,

488 4069 546 4158 11.
573 4055 957 4192 Baampartncro.
1349 4160 1358 4181 ,
1471 4133 1488 4177 π,
2025 4115 2027 4120 ·
2114 4113 2145 4175 s.
2160 4097 2228 4163 nau.
2308 4107 2309 4114 Ν

293 4227 555 4302 speculanter».
576 4226 624 4286 ttt
645 4245 740 4303 η.-
774 4227 887 4286 Contuli
906 4229 1096 4306 autographon
1115 4230 1143 4288 ln
1162 4232 1225 4292 eod.
2092 4177 2246 4223 Μ
2308 4211 2309 4216 ¹

327 4297 440 4356 Mum·
453 4299 473 4356 ¹·
490 4319 516 4372 r·
533 4297 592 4354 ιω
818 4363 827 4370 .
1523 4303 1747 4393 Andreae
1778 4300 2021 4393 Osiandrn.

226 4441 389 4528 Clarias.
417 4447 496 4524 aira
523 4491 570 4508 -
596 4447 712 4526 Dom.
737 4451 1029 4551 Hieronymo
1050 4449 1227 4533 Baum-
1343 4465 1382 4520 Ex
1398 4461 1567 4537 autographo
1588 4461 1616 4515 tn
1635 4459 1784 4516 rabulatio
1803 4457 1888 4532 Repe
1910 4459 2131 4532 {legionenses
2150 4445 2250 4509 elisan
2305 4483 2309 4534 p,

295 4621 297 4626 ι
357 4563 604 4653 gamm,
630 4553 808 4630 semum·
819 4551 1019 4654 Norpgerg.
1034 4567 1096 4636 m·
1202 4641 1206 4656 ι
1376 4519 2250 4604 temttteotttsbervrsntnrtobatrqenttott.meapte.p01291t·
2302 4551 2309 4605 p

221 4692 286 4798 S„
299 4703 349 4787 D.
397 4703 525 4782 Καλόν
546 4705 615 4792 ἔξω
635 4699 870 4808 πραγμάτων
891 4705 987 4802 ἔχειν
1010 4701 1134 4800 πόδα,
1167 4710 1226 4780 in.
1273 4687 1487 4766 Reverendo
1504 4688 1598 4771 niro,
1622 4683 1824 4760 eruditione
1846 4695 1877 4758 et
1901 4685 2032 4758 virtute
2051 4669 2251 4785 praestanti
2306 4731 2309 4826 q

116 4808 119 4816 ’
225 4810 304 4906 quit
320 4807 522 4902 Euripides.
573 4807 622 4882 Et
640 4807 708 4884 boc
731 4809 936 4904 praesertim
954 4812 1227 4906 temporemul-
1299 4792 1469 4902 D⁰m¹ll⁰
1493 4787 1709 4863 ΑΜῙΝΜ
1733 4783 2000 4911 φθιῖαὓᾶΐθ,
2032 4785 2151 4860 θ”ῑῖΰθ
2173 4799 2232 4854 ⁸¹¹⁰
2306 4791 2307 4796 ἵ

225 4925 282 4984 tae
297 4925 380 4984 sunt
393 4935 535 4998 causae,
551 4937 615 4984 eur
629 4911 820 4986 certamina
838 4913 1006 5004 fugienda
1021 4917 1104 4990 sint.
1142 4913 1227 4986 Non
1275 4912 1279 4918 ’
1668 4914 1882 4974 tammo,
2158 4913 2164 4928 ·

227 5013 325 5084 enim
346 5027 485 5098 tantum
508 5014 652 5087 saevitia
674 5016 866 5087 metuenda
881 5029 951 5124 est,
976 5019 1039 5089 sed
1055 5017 1125 5091 alia
1141 5031 1227 5090 sunt
1275 5013 1325 5104 S,
1350 5025 1395 5099 D.
1444 5023 1528 5096 Non
1544 5023 1690 5107 dubito,
1716 5025 1805 5119 quin
1821 5046 1963 5115 gravem
1977 5037 2117 5093 causam
2133 5013 2252 5088 habue-

230 5168 433 5188 ·········
613 5150 619 5166 '
1275 5132 1326 5203 ris
1348 5129 1404 5202 tui
1427 5127 1569 5200 consilii
1592 5127 1632 5198 in
1647 5127 1846 5200 abdicando
1861 5145 2009 5197 munere
2022 5106 2251 5196 concionandi,

261 5243 290 5302 2)
309 5243 442 5318 lsiuderi,
460 5242 488 5299 d.
503 5243 529 5299 8.
545 5242 613 5300 Nor.
626 5241 741 5304 babilae.
775 5245 839 5306 Vid.
850 5245 931 5304 Eberi
944 5255 1047 5320 quaest.
1059 5247 1136 5306 acad.
1148 5267 1175 5322 p.
1182 5247 1226 5306 85.
1441 5259 1454 5330 'y

261 5329 291 5402 8)
307 5329 345 5382 Es
359 5329 436 5412 epist.
449 5329 477 5384 d.
492 5327 615 5412 tuttebr.
630 5332 695 5386 1551
710 5331 889 5458 ἰιιίεΙΙίῗΞιιτ,
901 5331 1069 5418 Moibanuam
1081 5335 1137 5419 boc
1154 5345 1226 5420 tem·

293 5409 473 5521 penestarum
487 5398 594 5457 abrasae.
630 5400 700 5458 Eum
719 5401 838 5459 caltasa
850 5403 962 5459 sederam
978 5401 1133 5474 legrmmus
1147 5417 1224 5478 epist.
1310 5387 1336 5456 1)
1355 5383 1598 5458 stt'flldfflffl‘s
1616 5381 1758 5440 Mam·

313 5505 320 5523 .
336 5467 545 5526 aestuasse
1307 5475 1337 5544 2)
1354 5473 1449 5530 serior
1466 5491 1562 5530 manns
1579 5469 1724 5544 adscripsit
1744 5469 1820 5527 1518.
