4734 6214
196 339 246 418 99
322 407 327 424 ,
780 329 1217 415 Eets'ronanun
1266 337 1464 418 Lutxt.
1517 325 1666 417 1548?
2173 329 2254 407 100

195 501 558 587 utsittestimonium
575 507 620 579 de
636 506 858 580 doctrinaad
874 523 1045 603 posteros.
1096 509 1139 582 ln
1156 537 1196 582 ea
1250 507 1342 582 nibil
1373 511 1606 581 immoderate
1638 509 1808 598 tammus,
1843 523 1878 580 ει
1908 524 2029 581 tamen
2055 505 2256 576 retinemus

196 612 417 682 confessione
438 633 501 679 vos
525 634 666 704 quoque
693 611 881 684 nobiseum
904 613 1075 704 coniungi
1096 627 1198 706 opta·
1250 611 1506 716 consessionem
1523 611 1718 688 doctrinae.

196 735 297 800 mus,
329 725 363 782 et
384 725 466 782 ante
489 711 684 783 editionem
709 711 813 785 vobis
833 713 1013 787 mittemus
1034 717 1199 802 sormam,
1350 712 1459 803 Quod
1475 713 1567 784 datis
1582 737 1745 806 operam,
1766 723 1807 782 'ut
1822 733 1965 780 examen
1985 724 2019 782 et
2041 707 2255 802 petitionem

198 827 240 885 ut
256 814 443 884 nobiscum
460 813 676 887 deliberetis.
728 837 733 849 “
1250 816 1485 888 absolutionis
1505 815 1716 895 restituatis,
1742 813 1838 907 piam
1859 813 2079 882 voluntatem
2097 823 2255 882 vestram

299 944 410 1016 Liber
436 941 666 1037 Augustanus
693 911 852 1020 continet
885 950 1087 1021 manifestas
1119 975 1199 1020 cor·-
1251 933 1286 991 Εἴ
1313 917 1503 988 ⁰⁰⁰⁸i¹3⁰m
1524 917 1730 1008 Pf⁰b³m⁰b
1788 910 1868 985 Effi
1891 929 2008 986 autem
2033 923 2156 996 ΕΜ,
2186 911 2258 1004 ‘1¹¹i

199 1047 368 1140 rupretas,
425 1043 510 1118 Ideo
540 1073 765 1142 nequaquam
799 1074 880 1120 eum
914 1052 1199 1145 approbabimus,
1251 1021 1473 1139 nou·volept
1495 1019 1660 1138 obedire,
1683 1031 1908 1136 tamencum
1928 1015 2073 1088 caeteris
2097 1013 2254 1083 volenti·
2328 1077 2336 1088 ,

199 1149 341 1220 etiamsi
374 1146 478 1220 exilia
519 1164 554 1220 et
591 1151 765 1242 supplicia
799 1152 905 1222 nobis
944 1168 1200 1246 proponentur.
1252 1122 1482 1192 h⁰⁸⁰b⁸d¹fe
1505 1133 1632 1210 ³8³¹&
1660 1117 1709 1190 Et
1728 1119 1856 1188 ¹⁰²¹¹¹¹⁸
1874 1132 1943 1203 ²⁸¹2
1968 1133 2259 1190 mmmmm·

199 1245 364 1322 Modesto
380 1262 497 1320 autem
514 1251 559 1321 de
574 1275 615 1322 eo
629 1251 724 1322 libro
740 1254 1006 1346 respondimus,
1031 1257 1133 1349 quia,
1159 1269 1200 1326 ug
1252 1224 1444 1343 luntariarn
1472 1245 1566 1307 esse,
1595 1244 1723 1356 quam·
1733 1222 1928 1340 adiungere
1954 1220 2029 1338 vim
2056 1219 2258 1336 politicam.

202 1351 433 1432 deliberatio,
469 1355 515 1422 ad
541 1352 731 1424 dissimiles
757 1356 935 1426 auditores
961 1357 1090 1450 scripta
1119 1357 1199 1432 tuit.
1252 1323 1591 1446 V1deil⁸1¹¹fil¹¹²¹l¹¹³
1608 1325 1690 1442 ⁰d¹ff
1724 1319 2261 1442 i¹¹¹⁰¹¹ff²¹¹¹⁰1¹ffi¹¹fid²l¹⁸⁵¹·

200 1449 505 1526 Etiamennobis
521 1453 652 1544 ,ingult
669 1457 923 1528 confessionem
939 1457 1200 1550 integramser,
1252 1451 1304 1496 mr
1323 1439 1478 1495 mrnrstrr
1499 1423 1706 1514 Evangelu,
1738 1447 1820 1494 cum
1845 1449 1918 1492 vrm
1945 1423 2127 1516 politicam
2151 1443 2261 1490 exer·

201 1556 375 1650 pavimus,
411 1551 813 1636 vestm-delibemfioi„
829 1581 1061 1630 summatum
1078 1576 1199 1632 now,
1252 1541 1343 1604 cent.
1395 1525 1444 1599 Et
1468 1523 1555 1598 baec
1578 1549 1700 1598 revera
1723 1525 1838 1596 aliena
1863 1538 1915 1596 est
1943 1549 1964 1596 a
1992 1539 2113 1596 nostro
2140 1523 2261 1592 mnri-

138 1702 145 1712 ·
203 1657 377 1748 congruit.
436 1653 510 1726 Nec
540 1658 764 1730 solicitudine
790 1660 910 1754 aliqua
938 1686 1028 1754 opus
1052 1677 1121 1749 est,
1156 1665 1200 1732 de
1252 1631 1371 1702 ⁸¹²fi0·
1512 1729 1522 1748 ‚
1601 1729 1613 1748 ,
1762 1729 1797 1748 Γ
1852 1729 1862 1748 ·

202 1771 374 1848 potestate
398 1751 674 1852 Episcoporum,
707 1774 768 1831 aut
789 1761 833 1832 de
851 1763 1083 1848 ceremoniis,
1117 1765 1200 1857 quia
1351 1729 1406 1801 De
1421 1729 1565 1822 P⁰b¹¹⁰⁰
1580 1723 1988 1820 ¹¹²¹¹P⁰0¹¹¹101¹l¹³⁰h00
2003 1749 2193 1809 servatum,
2219 1739 2261 1798 θῑ

202 1857 371 1952 Episcopi
388 1882 526 1951 semper
548 1874 653 1932 erunt
672 1855 790 1932 hostes
806 1875 1008 1934 nostrarum
1025 1861 1202 1936 Ecclesia·
1253 1833 1390 1925 ⁸¹iq⁰⁰i
1404 1832 1560 1922 θΧθΝΡῙὸ
1576 1831 1663 1915 Vidi,
1688 1855 1769 1902 tum
1784 1832 1826 1916 is,
1852 1833 1915 1926 qui
1929 1833 2048 1922 lapsus
2063 1844 2133 1914 est,
2157 1829 2262 1900 redit

204 1986 305 2042 rum,
332 1959 402 2030 nisi
429 1973 544 2032 [otum
565 1961 698 2034 librum
720 1961 1203 2054 Augu,1„num,d,M;„,‚
1253 1930 1299 2004 ad
1313 1929 1528 2013 Ecclesiam,
1554 1946 1588 2002 et
1612 1933 1682 2002 iam
1703 1934 1760 2002 vel
1779 1934 1926 2024 punitus
1947 1949 2000 2004 est
2020 1955 2132 2023 poena
2156 1929 2259 2020 poli-

205 2063 249 2132 de
283 2062 507 2134 invocatione
538 2077 783 2148 mortuorum,
822 2067 867 2134 de
900 2067 1218 2156 circumg„„,;0,·
1254 2037 1343 2120 tica,
1378 2033 1435 2103 vel
1470 2033 1542 2104 alio
1567 2034 1661 2105 iusto
1688 2035 1795 2104 modo
1821 2033 1988 2128 satisfecit
2018 2032 2260 2122 magistratui.

122 2193 124 2200 ¹
202 2188 268 2248 ne,
303 2177 368 2234 ete.
401 2163 689 2262 approbat'ffms,
740 2160 789 2236 Εῑ
817 2178 939 2238 „osu-2
972 2168 1201 2256 deliberatio,
1253 2134 1464 2254 Audiuntpr
1483 2136 1573 2260 ,εἰει
1600 2137 1792 2254 consessio,
1820 2137 1968 2256 petitio,
2001 2147 2039 2254 et
2062 2133 2259 2226 promissio
2317 2229 2319 2240 Ι

202 2259 365 2335 nihileis
387 2264 554 2356 largitur,
580 2265 610 2334 εἰ
626 2266 817 2338 defendent
834 2269 920 2340 pale,
935 2269 1076 2348 abusus·
1255 2241 1521 2310 emendationis.
1572 2233 1711 2306 Deinde
1730 2238 1870 2329 publrce
1885 2263 1924 2307 ru
1940 2260 2110 2308 conc1one
2126 2259 2261 2305 narra-

1254 2355 1314 2412 tur
1336 2341 1487 2431 populo,
1508 2339 1614 2408 talem
1641 2341 1757 2408 redire
1779 2342 1823 2408 ad
1839 2337 2053 2424 Ecclesiam,
2077 2351 2112 2407 et
2132 2349 2260 2429 petere

1255 2443 1413 2526 veniam,
1438 2443 1534 2534 quod
1557 2441 1745 2511 offenderit
1765 2437 1900 2528 Deum,
1925 2457 1960 2512 et
1981 2437 2188 2522 Ecclesiam,
2215 2453 2259 2509 et

1255 2545 1352 2637 quia*
1367 2542 1551 2634 promittat
1576 2543 1878 2630 emendationem,
1903 2543 1976 2614 iam
1999 2567 2079 2612 curn
2109 2541 2258 2634 publice

1255 2645 1499 2736 recipiendum
1519 2665 1603 2714 esse.

1354 2743 1403 2816 Et
1436 2747 1480 2814 de
1506 2769 1633 2836 genere
1659 2743 1781 2816 delicti
1814 2745 2104 2816 commonefactio
2131 2740 2260 2836 aliqua

1254 2847 1409 2920 additur.
1461 2843 1509 2916 Et
1540 2847 1685 2920 iubetur
1717 2847 1872 2940 populus
1898 2847 2054 2940 precari,
2088 2861 2129 2918 ut
2152 2841 2260 2916 Deus

1254 2949 1391 3039 mitiget
1413 2971 1555 3040 poenas.
1605 2947 1731 3019 Postea
1748 2953 1792 3019 ad
1818 2973 1914 3018 aram
1931 2949 2073 3041 publice
2096 2949 2261 3018 interro-

1254 3065 1312 3140 gat
1337 3049 1463 3122 Pastor
1486 3045 1583 3122 hunc
1608 3051 1767 3142 lapsum,
1795 3075 1842 3121 an
1869 3065 1963 3144 petat
1989 3049 2260 3121 absolutionem

1253 3147 1362 3232 serio,
1387 3167 1483 3222 etan
1500 3153 1682 3244 promittat
1697 3153 1993 3240 emendationem,
2020 3165 2114 3222 etan
2131 3151 2260 3220 credat

1253 3255 1481 3327 absolutioni.
1538 3251 1701 3348 Cumque
1733 3255 1886 3326 affirmat
1912 3257 2048 3346 lapsus,
2088 3251 2261 3344 seqnitur

1254 3357 1371 3426 brevis
1388 3356 1530 3448 querela
1545 3357 1589 3426 de
1604 3357 1743 3442 delicto,
1766 3360 1862 3450 quod
1878 3369 1913 3427 et
1926 3353 2052 3440 Deum,
2075 3369 2109 3426 et
2123 3349 2263 3424 Eccle-

1252 3459 1341 3528 siam
1359 3457 1566 3544 offenderit,
1590 3471 1624 3528 et
1640 3471 1832 3529 narrantur
1847 3457 2139 3529 comminationes
2154 3455 2261 3524 divi-

1253 3584 1319 3630 nae
1336 3561 1379 3628 do
1398 3583 1526 3650 poena..
1572 3559 1710 3630 Deinde
1725 3562 1870 3631 additur
1883 3559 2045 3632 doctrina
2062 3564 2106 3628 de
2123 3559 2261 3628 remis-

1252 3661 1370 3744 sione,
1394 3663 1487 3732 etde
1501 3660 1722 3751 mitigatione
1737 3685 1943 3752 poenarum.
1994 3658 2048 3732 Ac
2069 3673 2258 3753 postremo

305 3747 484 3822 Duximus
515 3765 551 3823 et
583 3747 654 3823 hoc
687 3755 789 3856 vobis
819 3755 1088 3848 significandum
1117 3781 1201 3844 esse,
1252 3765 1466 3854 pronunciat
1481 3765 1586 3832 verba
1601 3763 1852 3834 absolutionis:
1877 3755 2258 3856 EgoPastor,ioxta

203 3852 292 3944 quid
307 3852 594 3942 responderimus
609 3855 672 3939 iis,
698 3857 761 3949 qui
783 3859 926 3928 anobis
944 3860 1132 3929 consilium
1155 3863 1200 3930 de
1251 3860 1472 3936 mandatum
1494 3859 1583 3956 filii
1604 3859 1698 3950 Dei,
1728 3861 1895 3961 Quorum
1929 3863 2160 3948 remiseritis,
2185 3870 2280 3937 etc:

203 3953 297 4023 libro
314 3953 529 4044 petiverunt.
579 3951 640 4026 Ad
658 3979 871 4029 omuesuuo
888 3973 922 4030 et
944 3962 1068 4030 eodem
1092 3963 1198 4032 modo
1252 3967 1394 4038 remitto
1408 3964 1481 4036 tibi
1490 3977 1637 4062 peccota
1650 3977 1798 4063 propter
1800 3961 1933 4058 filium
1945 3963 2033 4050 Dei,
2048 3975 2081 4035 et
2096 3989 2262 4036 annun-

203 4055 424 4145 scripsimus,
450 4079 490 4126 ac
505 4057 695 4144 suasimus,
714 4058 932 4131 utPastores
949 4085 1048 4132 suam
1064 4062 1200 4132 delibe-
1251 4067 1306 4138 cio
1329 4067 1400 4138 tibi
1421 4091 1535 4138 rorem
1560 4063 1783 4164 Evangelii,
1817 4093 1913 4168 quae
1936 4063 2110 4168 affirmat
2133 4065 2258 4136 veris--

202 4158 379 4226 rationem
398 4157 546 4227 omnino
563 4159 765 4250 seiungam,
789 4186 808 4232 a
828 4163 1086 4250 deliberatione
1106 4165 1198 4254 poli·
1249 4169 1341 4241 sime
1358 4168 1495 4240 remitti
1508 4179 1674 4268 peccota,
1698 4180 1846 4268 propter
1855 4165 1987 4264 filium
2003 4167 2098 4255 Dei,
2124 4167 2259 4238 omni-

201 4257 355 4330 ticorum
375 4259 669 4348 gubernatorum,
695 4277 730 4334 et
753 4265 989 4354 respondeant
1013 4265 1138 4357 plane,
1164 4281 1198 4338 et
1249 4270 1319 4342 bus
1337 4269 1539 4368 petentibus
1563 4281 1594 4341 et
1612 4267 1837 4344 credentibus
1854 4273 1893 4342 io
1905 4269 2036 4366 filium
2052 4267 2141 4347 Dei.
2193 4267 2257 4342 In

201 4360 404 4450 perspicue,
439 4383 475 4430 se
508 4383 732 4456 nequaquam
765 4379 961 4436 mutaturos
987 4389 1061 4437 esse
1085 4390 1197 4456 genus
1249 4373 1395 4444 nomine
1427 4367 1573 4457 Patris,
1622 4383 1654 4444 et
1688 4369 1807 4464 Filii,
1857 4384 1890 4447 et
1918 4373 2083 4474 Spiritus
2110 4373 2256 4450 sancti.

201 4462 402 4546 doctrinae,
432 4464 528 4555 quod
549 4464 588 4532 in
611 4466 743 4537 uostris
764 4462 931 4537 Ecclesiis
954 4481 1075 4552 sonat,
1103 4483 1197 4541 etse
1252 4479 1310 4552 10.
1330 4474 1503 4570 Augusti,
1532 4473 1640 4550 1548.
1657 4471 1718 4576 ”)
1998 4503 2003 4510 ⁴

201 4563 345 4654 quidem
359 4585 435 4632 non
450 4565 603 4655 recipere
617 4567 769 4653 librum,
795 4568 877 4660 quia
896 4571 1010 4641 nostri
1022 4571 1129 4642 officii
1145 4585 1197 4643 est

200 4663 418 4754 intelligere,
442 4667 607 4737 ct'vitare
624 4669 851 4761 corruptelas.

304 2393 359 2468 De
381 2394 502 2468 Coena
522 2393 688 2482 Domini,
711 2400 865 2472 diximus
887 2417 1029 2496 aperte,
1054 2417 1090 2475 ct
1111 2427 1204 2474 sem·

205 2523 270 2592 per
294 2498 427 2570 dicturi
453 2521 592 2583 sumus,
617 2501 682 2572 etsi
703 2501 852 2588 seimus,
875 2529 983 2598 qrram
1005 2506 1143 2576 duriter
1165 2508 1202 2575 id

204 2623 226 2672 a
248 2600 370 2672 multis
395 2599 604 2690 accipiatur,
629 2601 750 2674 nullos
772 2604 865 2674 ritus
888 2619 987 2677 extra
1009 2631 1131 2688 usum,
1157 2607 1202 2676 ad

204 2726 310 2796 quem
335 2702 492 2774 instituti
516 2716 617 2783 sunt,
649 2700 877 2776 Sacramenta
900 2729 985 2782 esse.
1043 2707 1114 2780 Sed
1140 2734 1204 2780 cur

203 2803 349 2874 brevius
364 2805 404 2872 in
422 2803 676 2874 deliberatione
693 2805 766 2891 illa,
786 2809 830 2876 de
843 2831 885 2877 eo
900 2809 1050 2880 articulo
1067 2811 1201 2880 dictum

206 2906 269 2988 sit,
302 2899 390 2974 haec
418 2920 629 2990 caussaest,
662 2908 746 3000 quia
769 2909 875 2978 etiam
897 2905 956 2998 bi,
988 2911 1052 3004 qui
1076 2912 1203 2983 volunt

128 3055 132 3064 ·
204 3006 320 3076 videri
343 3031 418 3077 non
439 3005 590 3078 alienia
611 3009 743 3078 nostris
764 3005 949 3097 Ecclesiis,
974 3013 1104 3084 nolunt
1126 3037 1202 3084 eam

205 3109 483 3200 disputationem
496 3109 644 3193 moveri,
669 3121 704 3190 et
718 3111 855 3182 vicinus
869 3111 1040 3204 Margites
1050 3106 1088 3210 *)
1101 3139 1202 3207 saepe

205 3211 278 3280 iam
304 3212 428 3280 acerbe
448 3209 683 3282 calumniatus
707 3225 758 3282 est
779 3208 1089 3304 reprehensionem
1112 3243 1203 3310 quo-

205 3312 359 3383 rundam
385 3335 460 3382 non
488 3311 622 3382 levium
650 3313 825 3384 abusuum
846 3313 1078 3388 Sacrameuti.
1128 3317 1202 3389 Nec

204 3413 327 3484 mitius
349 3413 393 3484 de
409 3413 514 3483 nobis
536 3413 714 3507 loquitur,
740 3439 847 3508 quam
864 3419 958 3509 apud
974 3414 1018 3492 D.
1033 3416 1201 3492 lacobum

204 3517 250 3585 de
271 3527 386 3586 vestra
406 3512 564 3588 Ecclesia
585 3516 732 3610 quidam
753 3517 887 3590 aulicus
901 3514 1080 3612 Augustae
1101 3522 1202 3594 locu-

203 3629 340 3691 tuaest.

260 4883 262 4888 ,
295 4795 562 4914 ‘sinant-autem
577 4799 742 4917 politicos
758 4799 1020 4890 gubernatores,
1041 4829 1194 4900 quorum
1247 4833 1314 4904 No,
1332 4831 1445 4906 4320,
1934 4839 2013 4921 (sm
2032 4839 2092 4902 h„
2115 4839 2233 4922 „mm

200 4897 306 4967 multr
334 4898 515 4968 doctrinae
544 4899 659 4970 sontes
680 4914 864 4989 agnorant,
897 4905 1002 4975 multi
1030 4910 1194 4995 oderunt,
1255 4929 1428 4959 Μ
1924 4933 2251 4979 Μ.-

199 4999 415 5088 respondere
441 4997 669 5090 Imperatori,
703 5015 744 5071 ut
764 5003 902 5074 volunt.
954 5005 1005 5077 lta
1030 5004 1193 5080 Pastores
1538 5017 1590 5106 θ,
1619 5018 1944 5106 Buphholzero,

197 5099 364 5190 periculis
396 5124 478 5170 suae
505 5101 739 5171 conscientiae
763 5103 979 5190 liberantur,
1011 5121 1047 5178 et
1073 5110 1193 5182 minus
1262 5121 1266 5138 '

197 5202 238 5273 lit
259 5202 499 5272 mutationum
521 5199 560 5270 in
577 5197 754 5287 Ecclesia,
778 5219 813 5280 et
827 5231 892 5280 nos
907 5204 1002 5278 nibil
1017 5211 1193 5302 seditiose,
1347 5177 1445 5236 Mi
1457 5179 1560 5254 sm*
1577 5182 1668 5254 ΡΜ
1680 5199 1724 5252 ⁸¹¹·

192 5389 421 5408 *ιφ-

403 5451 411 5458 ·
643 5475 650 5482 .
745 5473 750 5480 .
1278 5425 1308 5494 *)
1327 5423 1395 5481 Cod.
1414 5425 1494 5484 Mon.
1512 5425 1556 5481 66.
1572 5435 1699 5494 peceato.

226 5499 259 5566 *ι
277 5493 368 5564 rant.
390 5495 506 5563 ,uuam
523 5493 670 5566 anuas.
1277 5511 1321 5586 n,
1340 5511 1409 5566 eoa.
1427 5511 1507 5570 aton.
1525 5511 1583 5590 eng
1603 5511 1681 5568 ins.
