4592 6218
64 333 131 408 655
609 331 1046 410 EPISTULARUM
1095 333 1205 408 LlB.
1233 333 1315 408 ΧΠ.
1369 333 1500 413 1550.
2013 336 2090 412 555

59 510 182 580 bonum
213 505 278 580 toti
311 505 433 596 generi
465 499 624 578 hnmano
657 507 837 581 invenisti.
894 505 986 578 Nam
1013 508 1042 578 si
1093 521 1234 597 gentem
1250 509 1466 592 contractus,
1486 519 1528 578 nt
1543 529 1625 578 cnm
1640 505 1810 588 dicimus,
1827 522 1997 582 emtocem
2013 529 2087 582 esse

59 611 158 681 scient
179 607 316 679 ludices
339 603 431 678 hanc
451 607 607 678 iustitiae
630 609 850 691 doctrinam,
877 611 933 679 cni
957 633 1044 678 con·
1094 611 1244 690 iustum,
1269 611 1397 695 idest,
1424 621 1622 680 seruantem
1639 609 1906 703 aequalitatem,
1931 633 2006 680 non
2022 611 2086 682 de-

59 710 173 784 tradici
199 735 273 780 non
297 710 427 800 possit,
453 732 637 803 nunquam
663 711 756 781 inter
773 735 810 780 se
823 712 1042 785 dissentient.
1092 708 1315 782 fraudantem
1331 711 1431 786 alios.
1490 708 1582 782 Cum
1606 711 1718 800 igitur
1740 711 1846 800 longa
1868 725 1904 782 et
1925 713 2087 784 involuta

57 811 107 884 lta
119 812 233 881 arillae
247 825 353 880 erunt
366 811 496 880 civium
515 836 554 880 ac
569 811 752 882 civitatum
770 813 986 893 discordiae,
1008 827 1041 886 et
1092 813 1287 905 disputatio
1302 812 1348 884 sit
1362 814 1457 904 apud
1470 810 1674 898 Platonem,
1689 813 1733 882 de
1749 807 1807 882 his
1821 813 1993 907 loquendi
2008 835 2086 884 mo-

55 915 131 984 linis
147 914 212 983 erit
227 914 442 984 seditionum
456 936 496 982 ac
511 911 697 985 bellorum.
749 912 822 984 Nec
843 915 940 984 aliud
967 935 1042 982 ma·
1091 915 1165 998 dis,
1192 927 1228 984 et
1241 909 1442 1005 Xenophon
1462 915 1690 1006 simpliciter,
1713 927 1883 1008 tanquam
1906 915 2085 986 delinitio-

54 1017 104 1106 gis
128 1016 250 1100 velim,
283 1039 389 1108 quarn
423 1008 516 1084 hanc
542 1039 562 1084 a
589 1029 623 1085 te
656 1014 865 1106 sapientiam
897 1017 1041 1086 discere.
1090 1039 1171 1084 nem
1189 1015 1427 1100 constituens,
1452 1038 1527 1084 non
1543 1010 1772 1099 hircanium,
1798 1017 1859 1086 sed
1882 1017 1968 1088 alibi
1993 1041 2085 1110 qaro-

53 1115 211 1209 Hippias:
240 1113 288 1186 Aa
300 1139 374 1184 non
388 1115 529 1198 audies,
546 1114 614 1184 nisi
632 1117 731 1206 prius
746 1130 786 1187 tu
803 1141 946 1211 quoque
960 1139 1041 1186 sen·
1089 1140 1158 1210 que
1175 1116 1213 1186 in
1235 1117 1368 1186 iudicio
1383 1115 1486 1211 Cyri:
1512 1111 1661 1190 δίκαιον
1675 1131 1727 1187 est
1740 1109 1916 1210 νόμιμονε
1943 1111 2085 1194 Aristo-

52 1219 193 1291 tentiam
217 1231 313 1288 tuam
340 1217 466 1308 plane,
506 1229 541 1286 et
568 1217 740 1308 explicate
767 1219 917 1303 dixeris,
952 1219 1038 1312 quid
1090 1219 1193 1303 teles,
1226 1230 1269 1288 ut
1289 1220 1415 1288 modos
1444 1219 1616 1311 loquendi
1650 1219 1886 1302 discerneret,
1915 1233 1950 1290 et
1980 1241 2084 1290 suurn

51 1333 176 1392 statuas
197 1341 270 1390 esse
291 1319 436 1392 iustum.
486 1315 560 1388 Nec
581 1317 649 1390 tibi
669 1321 878 1401 concedam,
904 1333 944 1389 nt
958 1334 1038 1390 tan-
1089 1319 1216 1414 cuique
1231 1319 1351 1390 locum
1365 1321 1557 1404 tribueret,
1573 1320 1724 1412 primam
1744 1317 1902 1392 lustitiae
1918 1319 2084 1410 partitio-

50 1438 125 1494 tum
143 1421 351 1508 interroges,
376 1431 410 1490 et
430 1418 552 1490 eludas
575 1420 688 1501 dicta,
717 1433 751 1491 et
777 1434 876 1491 tuam
900 1423 1039 1514 sapien-
1089 1444 1169 1490 nem
1193 1421 1365 1506 institnit,
1406 1415 1568 1491 haustam
1585 1445 1626 1491 ex
1640 1421 1727 1512 ipsis
1744 1435 1892 1492 naturae
1912 1421 2084 1494 lontibus.

50 1526 132 1598 tiam
148 1523 311 1594 occultes.
361 1520 538 1592 Socrates:
574 1519 634 1591 An
654 1523 833 1592 nonsatis
856 1524 1040 1616 perspicua
1088 1518 1170 1592 Alia
1187 1522 1324 1616 inquit,
1350 1521 1559 1594 estlusticia
1583 1522 1815 1602 universalis,
1840 1522 1908 1592 alia
1925 1522 2084 1614 particu-

47 1627 161 1698 dicere
176 1623 318 1707 videor,
343 1623 430 1714 quid
446 1623 595 1694 sentiam
612 1645 685 1692 esse
705 1624 857 1707 iustum,
884 1649 964 1696 cnm
984 1627 1038 1694 le·
1087 1623 1185 1694 laris.
1236 1622 1286 1694 Et
1299 1619 1566 1716 Xenophontis,
1581 1625 1825 1696 definitionem
1840 1625 2084 1695 accommodat

46 1727 112 1798 ctis
135 1725 218 1818 ipsis
240 1723 447 1794 ostendam?
479 1738 514 1794 et
536 1725 624 1796 facta
650 1725 722 1796 sint
743 1725 936 1798 illustriora
957 1750 1038 1796 ver·
1086 1728 1131 1794 ad
1147 1725 1403 1812 universalem,
1428 1720 1576 1799 dianam
1590 1739 1644 1797 est
1657 1717 1832 1818 νόμιμον.

45 1828 128 1898 bis?
173 1825 296 1896 Sentio
320 1825 428 1914 igitur
451 1825 626 1896 iusticiam
652 1849 726 1906 esse
750 1839 927 1917 praestare
950 1828 1037 1920 legi-
1188 1825 1287 1915 Quid
1312 1851 1402 1920 opus
1424 1841 1492 1907 est,
1519 1829 1612 1898 dicet
1634 1827 1785 1921 aliquis,
1809 1839 1905 1898 tanta
1926 1827 2082 1900 exilitate

45 1931 113 2000 bns
126 1927 373 2002 obedientiam.
424 1924 590 2019 Hippias:
616 1926 688 2000 Sed
704 1930 884 2022 quomodo
898 1929 1036 2000 iusticia
1087 1928 1396 2020 disputationum?
1444 1927 1560 2000 Factis
1576 1928 1711 2020 potius,
1735 1929 1828 2000 sicut
1842 1930 1887 1998 de
1910 1952 1946 1998 se
1963 1929 2083 2023 inquit

47 2043 98 2102 est
114 2029 246 2116 legibus
261 2027 428 2110 obedire,
455 2030 706 2118 rumpentium
729 2029 923 2100 multarum
945 2031 1038 2120 leges
1086 2027 1269 2111 Socrates,
1311 2053 1539 2101 communem
1576 2029 1874 2100 consociationem
1910 2045 2084 2115 tueamur,

45 2131 241 2203 contrariae
257 2129 353 2199 sint?
403 2128 475 2198 Nec
490 2155 573 2200 vero
589 2143 866 2201 consentaneum
882 2145 953 2216 est,
978 2131 1036 2202 iu·
1086 2131 1193 2224 idque
1208 2153 1281 2200 esse
1300 2129 1481 2202 lusticiam
1496 2145 1708 2216 statuamus,
1732 2130 1870 2201 omissis
1884 2131 1956 2200 illis
1972 2155 2082 2225 quae-

43 2249 96 2305 sta
111 2233 204 2304 inter
219 2255 255 2300 se
269 2231 463 2323 pugnantia
480 2253 564 2305 esse.
615 2231 794 2303 Socrates:
818 2229 930 2327 Atqui
953 2245 1037 2303 sunt
1087 2231 1244 2303 sdonum
1260 2229 1482 2326 labyrinthis.
1532 2229 1613 2303 Etsi
1627 2233 1689 2303 ille
1705 2255 1780 2303 non
1794 2233 1927 2303 insulse
1946 2231 2081 2326 inquit:

43 2337 137 2424 leges
157 2336 328 2426 quaedam
352 2355 426 2402 non
448 2333 616 2423 scriptae,
642 2357 848 2402 communes
869 2335 1036 2404 omnibus
1084 2329 1161 2422 Ego
1195 2347 1361 2422 argutum
1398 2335 1510 2404 duem
1536 2334 1615 2404 sine
1641 2335 1790 2420 virtute,
1823 2335 1884 2404 odi
1911 2347 2082 2428 tanquam

43 2433 268 2517 homiuibus,
293 2457 381 2527 quas
395 2431 491 2504 Deus
508 2434 582 2525 ipse
603 2435 723 2522 generi
746 2431 901 2506 hnmano
925 2438 1036 2506 tradi·
1086 2436 1286 2524 praebeam:
1323 2449 1441 2506 tamen
1463 2435 1647 2524 diligentia
1672 2437 1711 2506 in
1735 2436 1953 2527 exponendis
1975 2459 2082 2510 voca-

42 2539 117 2620 dit,
143 2549 179 2606 ut
194 2537 287 2626 apud
302 2557 425 2604 orrrnes
441 2530 603 2606 homines
617 2537 964 2627 primumiudicatur
978 2561 1035 2608 re·
1084 2537 1196 2618 bulis,
1228 2550 1262 2607 et
1289 2538 1327 2606 in
1353 2537 1624 2608 definitionibus
1647 2537 1859 2632 quaerendis
1885 2537 2081 2608 necessaria

41 2653 138 2710 ctum
160 2661 233 2706 esse
256 2638 372 2706 colere
391 2634 528 2722 Deum,
559 2637 689 2708 deinde
714 2651 876 2730 parentes
899 2633 1034 2710 honore
1084 2651 1146 2709 est.

40 2740 190 2813 afficere.
233 2737 356 2830 Neque
372 2737 451 2807 ideo
468 2739 552 2810 talia
570 2761 645 2808 non
661 2753 745 2810 sunt
761 2739 936 2830 legitima,
951 2741 1035 2835 quia
1186 2737 1230 2810 ln
1243 2737 1401 2811 Ecclesia
1418 2753 1453 2811 et
1469 2741 1506 2810 in
1516 2737 1689 2812 Sermone
1703 2740 1827 2810 divino
1842 2739 1980 2834 quoties
1994 2735 2080 2810 haec

39 2839 198 2910 multiea
217 2839 450 2911 nonfacinnt.
501 2836 719 2914 Afficiuntur
736 2841 831 2914 enim
847 2841 971 2934 poenis
985 2837 1035 2928 hi,
1084 2841 1231 2912 nomina
1265 2855 1497 2935 repetuntur,
1531 2839 1692 2926 lnsticia,
1724 2842 1924 2926 iniustitia,
1959 2865 2081 2933 pecca-

38 2943 103 3038 qni
117 2941 253 3011 violant
270 2935 332 3011 has
352 2941 454 3030 leges.
1082 2941 1184 3013 tum?
1233 2941 1303 3013 Hic
1318 2944 1472 3028 nescire,
1498 2967 1586 3038 quas
1602 2967 1658 3016 res
1677 2940 1764 3014 haec
1778 2943 1951 3014 vocabula
1975 2966 2080 3012 mon-

141 3041 320 3112 Hactenus
337 3042 554 3136 colloquium
577 3040 732 3136 Hippiae
751 3042 956 3116 etSocratis
977 3068 1034 3114 re-
1084 3057 1213 3126 strent,
1238 3069 1313 3118 non
1330 3045 1446 3118 solum
1465 3058 1590 3136 turpe,
1626 3045 1818 3116 sedetiam
1840 3044 2080 3136 perniciosum

37 3145 155 3217 citavi.
214 3141 392 3225 Primum,
426 3159 465 3215 ut
487 3145 543 3213 vel
567 3137 674 3214 huius
693 3145 763 3215 viri
786 3145 944 3238 exemplo
978 3169 1034 3218 me
1084 3158 1146 3219 est.
1205 3141 1386 3218 Obruitur
1406 3147 1502 3216 enim
1525 3147 1686 3218 doctrina
1712 3149 1758 3217 de
1779 3147 1887 3218 rebus
1906 3146 2080 3231 maximis,

36 3263 154 3330 tuear,
188 3248 284 3338 quod
307 3247 445 3316 easdem
475 3245 639 3316 materias
660 3261 798 3336 repeto,
831 3247 1032 3341 etquidem
1083 3250 1128 3318 de
1141 3247 1323 3318 voluntate
1338 3248 1424 3334 Dei,
1445 3260 1480 3318 ct
1493 3249 1538 3318 de
1550 3248 1662 3320 salute
1678 3261 1809 3320 nostra.

34 3373 111 3418 non
131 3359 291 3420 mutatas.
343 3345 413 3418 Sed
435 3350 555 3418 eadem
570 3349 614 3418 de
640 3348 790 3432 eisdem,
816 3373 897 3419 vera
921 3363 955 3420 et
975 3373 1032 3419 re-
1183 3341 1397 3418 Malvenda
1415 3350 1454 3418 in
1470 3350 1650 3442 colloquio
1667 3348 1919 3438 Ratisponensi
1945 3368 2078 3438 propo-

32 3465 110 3532 eta,
142 3462 176 3520 et
205 3447 350 3540 proprio
384 3449 556 3520 sermonis
584 3473 710 3540 genere
745 3451 862 3520 dicere
896 3453 1032 3522 studeo.
1082 3465 1200 3520 suerat
1214 3449 1445 3535 sententiam,
1468 3447 1667 3520 Dilectione
1684 3443 1846 3520 homines
1865 3449 1976 3520 iustos
1992 3471 2076 3529 csse,

30 3550 127 3622 Nam
143 3551 299 3640 prolecto
314 3573 395 3618 vera
411 3551 654 3622 doctrinarum
676 3553 820 3622 exordia
836 3553 978 3643 proprie
996 3567 1032 3624 et
1082 3550 1164 3645 quia
1180 3553 1323 3624 dilectio
1342 3553 1477 3624 tribuat
1491 3549 1651 3622 debitum
1667 3546 1839 3620 honorem
1860 3549 1948 3621 Deo.
2000 3545 2077 3620 Ha-

30 3653 160 3724 eodem
186 3653 291 3724 modo
313 3655 453 3722 tradere
481 3653 738 3722 adolescentiae
753 3655 856 3722 valde
876 3656 1030 3744 prodest.
1082 3654 1258 3724 betsuum
1278 3654 1396 3724 locum
1415 3649 1501 3722 haec
1516 3653 1726 3745 descriptio,
1751 3675 1831 3723 cum
1852 3653 1896 3720 de
1920 3652 1995 3740 tege
2018 3651 2075 3720 di·

28 3753 117 3842 Qaa
140 3751 179 3820 in
200 3777 237 3822 re
259 3752 435 3824 mediocre
457 3753 565 3824 luisse
588 3778 705 3824 meum
734 3755 890 3826 studium
921 3755 1029 3845 longo
1082 3754 1191 3824 citur:
1216 3751 1361 3828 δίκαιον
1378 3767 1431 3825 est
1445 3746 1621 3847 νόμιμον.
1671 3753 1718 3826 Et
1731 3751 1803 3824 Lex
1819 3753 1954 3846 inquit:
1980 3748 2075 3822 Dili-

26 3869 211 3946 tempore,
244 3877 348 3945 spero
370 3855 501 3926 multos
525 3856 732 3946 intelligere.
792 3855 861 3926 Sed
897 3859 941 3927 de
973 3881 1029 3926 me
1080 3853 1474 3943 gasDominumDeum
1489 3857 1867 3928 tunmextotocorde.
1908 3852 2074 3926 &deum

22 3979 106 4028 non
123 3956 239 4026 dicam
258 3955 440 4046 prolixius.
1081 3955 1119 4024 in
1134 3950 1201 4026 hac
1214 3959 1363 4048 caligine
1379 3971 1512 4028 mentes
1536 3952 1712 4028 hnmanae
1734 3958 1859 4048 plenae
1881 3956 1953 4026 sint
1967 3955 2074 4026 dubi-

136 4053 260 4128 Altera
273 4079 378 4127 eausa
393 4073 464 4143 est,
483 4083 548 4128 cur
559 4060 675 4128 statim
695 4058 732 4127 in
749 4057 924 4128 vestibulo
937 4053 1029 4129 hanc
1080 4057 1265 4143 tatianum,
1283 4074 1316 4130 et
1332 4061 1439 4130 corda
1456 4061 1528 4129 sint
1544 4059 1695 4142 viriosa,
1712 4083 1778 4128 nec
1792 4059 1939 4128 ardeant
1953 4079 2072 4126 amore

20 4158 274 4230 narrationem
288 4159 507 4230 collocaritn:
536 4161 633 4230 volui
652 4160 792 4229 obviarn
816 4173 851 4229 et
873 4161 1026 4230 familia·
1080 4156 1169 4244 Dei,
1195 4185 1266 4254 quo
1291 4163 1399 4232 modo
1423 4162 1512 4232 dicit
1530 4155 1759 4242 Malvenda,
1785 4155 1947 4230 homines
1967 4156 2072 4228 debi-

18 4260 173 4332 rissime
193 4272 315 4330 nomm
341 4282 415 4330 esse
435 4261 571 4344 multis,
603 4262 686 4354 quia
710 4285 751 4330 ex
774 4257 842 4332 hoe
866 4261 964 4344 loco,
991 4274 1028 4332 et
1079 4275 1153 4331 tum
1169 4257 1246 4334 Deo
1263 4261 1435 4334 reddere?
1484 4261 1565 4332 Non
1584 4262 1751 4352 intelligit
1770 4255 1861 4330 hanc
1887 4261 1998 4350 ipsam
2022 4257 2071 4328 ob

17 4389 65 4434 ex
92 4361 397 4451 disputationibus
418 4361 576 4432 Platonis
597 4367 635 4432 in
659 4363 774 4453 primo
806 4375 840 4433 et
870 4365 1025 4432 sectando
1077 4386 1252 4450 caussam,
1278 4363 1463 4459 quialegis
1480 4364 1717 4434 obedientiam
1745 4357 1830 4430 haec
1855 4360 1980 4428 misera
2003 4381 2070 4428 na-

13 4462 389 4536 rrolerettivextmxit
405 4459 609 4534 Aristoteles
625 4464 777 4554 primam
797 4463 1025 4556 partitionem
1076 4477 1153 4536 tura
1172 4489 1245 4536 non
1263 4479 1434 4558 praestat,
1460 4464 1496 4532 in
1522 4485 1607 4532 voce
1620 4459 1806 4554 Evangelii
1831 4459 1983 4552 proponi
2002 4459 2069 4528 do-

12 4565 214 4648 lnsticiae,
237 4565 274 4632 in
292 4564 420 4657 quinto
434 4566 527 4636 libro
543 4560 774 4666 Ethiccmm,
794 4587 884 4660 quae
899 4568 942 4635 ad
960 4565 1024 4636 vo'-
1074 4567 1222 4636 ctrinam
1237 4569 1281 4637 de
1297 4565 1505 4636 remissione
1518 4575 1759 4656 peccatorum,
1784 4577 1819 4634 et
1833 4559 2070 4655 imputatione

9 4666 147 4740 cabuli
173 4666 441 4756 explicationem
460 4667 561 4736 ualde
584 4667 776 4739 necessaria
792 4681 853 4736 est.
908 4667 1022 4740 Multa
1074 4667 1242 4738 institiae.
2013 4691 2026 4708 .

8 4769 121 4840 enim
141 4766 275 4860 ubique
295 4767 453 4858 priorum
471 4767 564 4838 dicta
586 4768 711 4840 recitat
731 4765 956 4852 Aristoteles,
988 4781 1023 4840 ct
1175 4766 1358 4854 Quantum
1380 4763 1529 4856 periculi
1550 4778 1602 4837 est
1633 4767 1671 4838 in
1694 4765 1924 4847 medicando,
1957 4763 1987 4834 si
2008 4787 2067 4833 re·

7 4873 59 4942 ad
81 4891 235 4938 nonnas
250 4871 380 4940 artium
395 4869 654 4952 accommodat,
666 4869 846 4940 interdum
861 4895 1023 4961 pugnan-
1075 4867 1272 4938 medionrm
1289 4867 1433 4936 nomina
1447 4880 1484 4938 et
1500 4881 1644 4940 naturas
1661 4869 1798 4959 ignoret
1813 4865 1995 4949 Medicus,
2014 4864 2065 4936 ita

7 4975 63 5044 tia
83 4971 298 5059 inspeciem
319 4969 525 5059 distinguit,
549 4969 726 5040 interdum
751 4973 846 5042 dicta
866 4973 1023 5064 lignum,
1073 4970 1185 5040 multo
1209 4969 1289 5060 plus
1312 4969 1458 5058 periculi
1480 4981 1532 5040 est
1548 4969 1585 5041 in
1602 4967 1777 5055 Ecclesia,
1796 4967 1825 5036 si
1841 4989 1956 5036 sermo
1969 4966 2066 5037 divi-

7 5087 196 5168 tanquam
213 5095 285 5140 non
300 5071 529 5162 congruentis
548 5073 591 5140 ad
607 5083 717 5154 artes,
742 5073 868 5150 reiicit.
1073 5093 1145 5140 noa
1168 5095 1242 5143 uon
1269 5071 1500 5160 intelligatur,
1556 5069 1630 5142 Nec
1653 5073 1774 5162 negari
1797 5081 1911 5160 potest
1934 5067 2064 5140 amisa

125 5171 390 5242 Animadvertit
424 5185 540 5242 autem
573 5195 704 5240 nomen
737 5169 898 5245 lusticiae
933 5175 1021 5246 alias
1073 5173 1148 5242 luce
1178 5173 1372 5242 multorum
1402 5171 1676 5257 vocabulorum,
1708 5171 1889 5256 iusticias,
1919 5169 2064 5258 gratiae,

7 5279 126 5346 aliter
140 5274 327 5364 usurpari,
349 5275 435 5346 alias
449 5273 633 5366 complecti
655 5267 767 5347 toturn
782 5265 930 5346 chorum
947 5276 1020 5344 vir·
1070 5274 1169 5356 bdei,
1199 5289 1335 5344 secutas
1361 5297 1436 5344 esee
1462 5297 1606 5362 magnas
1631 5275 1669 5346 in
1695 5273 1851 5346 Ecclesia
1885 5271 2061 5344 tenebras.

7 5391 159 5460 tutum,
186 5387 223 5446 et
237 5375 499 5460 cmndicimns,
523 5373 709 5448 Aristiden
720 5395 797 5446 esse
814 5374 946 5448 iustum
967 5376 1018 5444 ci-
1068 5370 1117 5446 Et
1132 5377 1235 5446 multi
1252 5371 1347 5446 istinc
1369 5399 1512 5470 quoque
1532 5379 1714 5448 mordicus
1738 5377 1892 5448 retinent
1912 5393 2061 5454 errores,

7 5503 117 5568 rena,
142 5477 234 5548 alias
250 5475 445 5569 significare
466 5501 573 5550 unam
590 5478 767 5572 quandam
788 5475 939 5572 speciem
962 5501 1019 5548 re-
1068 5476 1150 5570 quia
1165 5477 1291 5548 imbuti
1307 5479 1399 5548 mala
1422 5481 1697 5566 conseretudine,
1722 5476 1892 5550 vocatbula
1915 5487 2007 5544 recte
2025 5485 2060 5542 et
