4624 6216
2276 119 2277 184 l

1337 267 1347 302 ,
2276 235 2277 256 ι

256 351 332 428 ste
827 339 1267 422 nrtsronanun
1318 341 1536 424 ιιιιιιι.
1592 345 1721 424 csse.
2178 349 2224 432 tn
2276 299 2277 366 l

260 547 343 598 mur
356 518 449 595 hanc
464 545 585 594 vocem
602 519 773 600 divinam,
798 533 833 590 et
849 515 1130 592 constantissime
1144 518 1259 611 lugia·
1311 519 1492 607 sessiones,
1507 520 1638 616 quibus
1647 519 1810 614 deinceps
1826 521 1877 614 pii
1894 520 1932 588 in
1948 521 2162 594 certaminhns
2174 526 2229 616 dag.

260 651 341 698 mus
364 641 399 698 et
424 649 627 698 execremur
650 617 810 694 ethnicos
831 623 988 707 furores,
1020 645 1173 715 quorum
1199 621 1262 690 alii
1312 635 1446 692 matum
1475 623 1739 692 confirmentur.
1805 619 1926 710 Quare
1956 624 2115 712 gratitudo
2132 626 2230 698 debetur
2276 601 2277 646 l

261 731 441 805 linxerunt
469 753 511 798 ex
536 725 662 798 atomis
692 749 773 795 casu
797 725 1007 795 confluxisse
1030 723 1157 793 mundi
1180 745 1258 791 cor·
1313 723 1398 792 viris
1422 723 1634 795 doctissimis
1658 739 1692 794 et
1714 723 1970 814 integerrimis,
2003 726 2060 818 qui
2079 727 2231 816 optimsidc

260 855 369 925 pora,
408 845 443 902 et
472 827 750 900 innumerabiles
781 827 936 898 mundos
967 825 1075 896 fuisse
1108 839 1142 894 et
1173 824 1261 907 sore,
1313 847 1391 894 cum
1415 824 1501 894 alias
1526 825 1785 908 enarrationes,
1817 837 1894 894 tum
1909 849 1994 894 vero
2012 821 2230 920 hasinprinm
2276 823 2277 896 l

260 948 296 1004 et
312 933 469 1004 diversas
483 955 601 1002 rernm
621 942 776 1002 naturas.
809 925 887 1022 ‚Atti
904 927 968 999 etsi
984 923 1070 996 haec
1084 925 1260 1024 cyclopica
1313 925 1445 994 librum
1459 923 1585 1010 Moisi,
1611 949 1716 1018 quem
1731 927 1917 1017 praecipue
1931 943 2052 998 notum
2066 947 2234 1022 csseoportct
2276 899 2277 938 l

262 1035 355 1106 dicta
377 1035 528 1126 probare
545 1057 618 1102 non
633 1034 783 1112 audent,
809 1043 845 1102 et
859 1044 1034 1124 quaerunt
1050 1027 1260 1098 concinnio-
1312 1026 1515 1096 ediderunt:
1541 1025 1695 1118 Casparo
1711 1017 1931 1120 Crucigcro,
1958 1024 2233 1120 Georgiollomrio,

262 1163 321 1221 ra,
347 1153 464 1208 tamen
486 1149 527 1207 ut
545 1133 642 1205 coeci
663 1133 787 1225 procul
809 1159 828 1202 a
848 1133 994 1201 veritate
1010 1133 1195 1214 aberrant,
1220 1151 1259 1196 ac
1312 1125 1397 1198 Vito
1412 1121 1607 1198 Theodoro
1622 1127 1884 1219 Noribergeusi,
1906 1127 2116 1226 Hieronymo
2128 1129 2236 1204 Besoldo

262 1253 372 1312 tetros
395 1259 534 1308 errores
554 1261 593 1306 ac
618 1237 657 1304 in
681 1233 796 1304 Deum
820 1233 1095 1317 contumeliosos
1121 1229 1260 1320 excogi·
1313 1227 1573 1318 Noribergensi.
1631 1227 1722 1300 Nam
1746 1243 1826 1321 post
1849 1229 1923 1300 Viti
1947 1227 2119 1304 Theodori
2137 1249 2237 1305 merten
2276 1219 2277 1294 l

262 1355 403 1428 terunt,
435 1355 477 1411 ut
491 1338 603 1412 Stoici
625 1337 784 1426 lingunt,
817 1359 863 1404 ne
886 1357 987 1428 posse
1011 1335 1155 1426 quidem
1172 1332 1260 1400 alios
1311 1325 1418 1400 huius
1434 1331 1588 1415 laboris,
1618 1343 1659 1401 ut
1676 1331 1725 1401 ita
1738 1331 1873 1416 dicam,
1904 1327 2028 1401 haeres
2044 1335 2237 1430 luitHierony·

261 1459 381 1515 motus
403 1444 493 1512 ciere
508 1441 641 1525 Deum,
667 1461 773 1532 quam
796 1463 866 1531 quo
882 1437 1021 1527 rapitur
1035 1435 1169 1525 impetu
1184 1457 1260 1500 ma-
1314 1455 1410 1517 mus,
1436 1433 1499 1524 qui
1522 1434 1616 1502 bona
1637 1433 1706 1501 lide
1725 1445 1863 1502 secutus
1879 1447 1930 1505 est
1946 1437 2096 1528 exempla
2108 1430 2240 1529 Crucigtn'

263 1545 389 1628 teriae,
430 1569 470 1613 ac
499 1541 647 1634 perinde
671 1565 747 1610 earn
772 1563 912 1610 causam
934 1561 1007 1608 csse
1029 1532 1259 1606 horribilium
1312 1547 1345 1603 et
1359 1527 1523 1602 Rororir'
1542 1535 1709 1603 manibus
1730 1534 1879 1624 scripta,
1913 1546 1995 1606 cnm
2018 1539 2239 1630 quibusviditd
2276 1565 2277 1586 ι

264 1649 452 1731 scelerum,
486 1658 527 1716 ut
548 1647 722 1712 bonarum
745 1644 936 1714 actionum.
997 1636 1163 1731 Denique
1182 1659 1260 1704 ma·
1312 1657 1374 1704 sua
1404 1659 1513 1705 manu
1545 1635 1716 1728 scriptum
1749 1649 1785 1704 et
1815 1637 1964 1706 alterum
2001 1639 2153 1732 scriptum
2173 1664 2241 1710 nanu

264 1773 373 1842 gnum
401 1742 507 1819 chaos
532 1757 585 1815 est
604 1767 765 1816 errorum
788 1757 884 1813 extra
909 1738 1102 1811 Ecclesiam
1127 1735 1195 1808 Dei
1216 1739 1260 1806 de
1313 1733 1458 1806 loannis
1472 1733 1616 1819 Stolsir',
1638 1736 1738 1808 cuius
1754 1737 1938 1827 diligentia
1955 1751 1989 1809 et
2003 1741 2085 1814 fides
2097 1743 2241 1818 eximiam,

263 1851 391 1923 mundi
415 1849 534 1933 initio,
559 1849 604 1916 de
626 1860 752 1916 natura
772 1841 947 1924 hominis,
972 1843 1016 1910 dc
1038 1839 1261 1932 providentia
1313 1861 1516 1928 congruere.

264 1955 405 2036 divina,
441 1954 485 2021 de
506 1971 608 2020 causa
631 1949 736 2028 mali,
769 1949 813 2016 de
838 1949 907 2015 line
934 1942 1101 2014 hominis.
1160 1941 1260 2010 Sitne
1416 1938 1488 2008 lam
1508 1939 1634 2009 ordine
1650 1940 1909 2032 contempletur
1924 1942 2035 2016 lector
2051 1945 2243 2016 doctrinande

263 2051 372 2124 homo
393 2067 531 2123 tantum
556 2053 599 2120 ad
624 2045 717 2118 hanc
744 2049 927 2118 mortalem
949 2045 1058 2115 vitam
1083 2043 1259 2120 conditus,
1312 2039 1387 2111 Deo
1411 2043 1614 2126 conditore,
1646 2044 1690 2111 de
1714 2043 1841 2114 mundi
1867 2047 2032 2133 exordio,
2067 2049 2107 2116 de
2124 2047 2244 2116 creatione

265 2158 355 2227 sitne
381 2155 593 2252 expectanda
621 2152 690 2222 alia
715 2152 805 2230 vita,
848 2151 975 2242 inqua
1001 2144 1191 2214 discrimen
1215 2143 1260 2212 sit
1312 2137 1517 2229 hominum,
1549 2143 1592 2214 de
1613 2144 1845 2236 patefactione
1860 2142 1929 2214 Dei
1951 2160 2034 2219 ante
2049 2149 2170 2240 lapsum
2182 2147 2244 2216 etin·

264 2261 426 2328 futurum
448 2258 543 2325 inter
565 2256 676 2325 iustos
699 2266 734 2322 et
755 2253 921 2334 iniustos,
951 2249 1042 2318 sitne
1060 2259 1180 2316 coetus
1195 2243 1261 2314 ali·
1313 2239 1437 2314 choata
1451 2241 1619 2320 Ecclesia.
1669 2243 1866 2316 Deindede
1880 2247 2002 2340 lapsu,
2028 2251 2071 2320 de
2084 2247 2245 2320 restitutione

265 2361 345 2454 quis
358 2359 396 2428 in
411 2371 507 2428 tanta
521 2357 688 2426 varietate
703 2355 914 2446 opinionum
930 2363 966 2420 et
978 2371 1129 2433 morum,
1154 2369 1261 2440 quem
1313 2340 1486 2430 hominis,
1518 2347 1557 2415 in
1582 2371 1651 2442 qua
1666 2343 1763 2417 Deus
1785 2369 1908 2418 rursus
1929 2373 1965 2418 se
1982 2353 2152 2443 patefecit,
2178 2347 2244 2418 edidi

265 2475 399 2532 certum
424 2461 469 2532 sit
494 2460 631 2548 placere
645 2456 734 2530 Deo.
793 2453 982 2544 Quomodo
1005 2452 1036 2520 is
1051 2463 1170 2519 coetus
1186 2449 1261 2518 col·
1314 2447 1583 2539 promissionem
1606 2451 1650 2517 de
1670 2461 1819 2519 ventura
1839 2451 2050 2524 liberatione
2070 2448 2244 2524 hominumn

266 2565 395 2652 ligatur
415 2577 448 2633 ct
470 2561 692 2630 discernatur
713 2581 733 2626 a
756 2558 899 2652 caeteris
918 2550 1145 2635 hominibus,
1171 2573 1261 2643 quae
1313 2551 1357 2619 de
1380 2549 1619 2620 conculcando
1635 2546 1820 2636 Dracone,
1852 2563 1887 2621 et
1907 2577 2031 2624 rursus
2051 2549 2244 2623 immensani

265 2666 381 2736 officia
411 2664 538 2754 probet
561 2659 669 2732 Deus.
735 2657 837 2730 Sitne
869 2657 1006 2750 reliqua
1037 2667 1110 2724 tam
1135 2652 1259 2742 ingens
1312 2649 1502 2720 sericordia
1521 2650 1681 2720 condidit
1696 2645 1908 2736 Ecclesiam,
1940 2668 1975 2725 et
2001 2681 2041 2724 ex
2063 2657 2245 2725 medionon

265 2767 460 2836 multitudo
476 2763 602 2833 reiecta
620 2785 640 2830 a
657 2757 745 2832 Deo.
1314 2751 1447 2844 primos
1471 2766 1630 2840 parentes
1652 2753 1773 2826 erexit.
1823 2749 1962 2824 Deinde
1983 2759 2173 2838 considera,
2195 2774 2245 2847 quac

365 2864 419 2934 De
435 2861 491 2934 his
505 2863 613 2936 tantis
629 2863 735 2932 rebus
748 2857 941 2928 necessaria
957 2855 1117 2926 doctrina
1132 2853 1170 2940 in
1185 2853 1258 2923 sola
1313 2866 1350 2923 et
1377 2853 1440 2921 uhi
1471 2854 1579 2924 luerit
1602 2849 1760 2922 Ecclesia
1782 2853 1867 2938 Dei,
1901 2858 2085 2940 videlicet,
2116 2881 2190 2952 quae
2209 2853 2245 2922 luit

262 2965 420 3039 Ecclesia
437 2965 504 3036 Dei
522 2963 744 3058 proponitur.
794 2957 843 3030 Et
858 2959 972 3029 fontes
987 2971 1071 3028 sunt
1087 2957 1125 3024 in
1141 2955 1258 3046 primo
1313 2967 1428 3026 custos
1448 2954 1560 3027 editae
1581 2955 1826 3046 promissionis
1851 2959 1895 3024 de
1917 2973 2067 3030 ventura
2086 2960 2217 3036 victims,
2230 2967 2247 3019 tl
2274 3005 2275 3008 =

263 3071 358 3140 libro
373 3067 496 3153 Moisi,
521 3091 609 3160 quos
623 3075 762 3154 oportet
775 3061 942 3131 omnibus
958 3059 1162 3130 notissimos
1177 3079 1261 3141 esse,
1313 3055 1472 3125 discerne
1494 3057 1605 3145 legem
1627 3070 1662 3126 et
1681 3049 1774 3126 hanc
1794 3057 2085 3147 promissionem,
2109 3075 2248 3148 etagnostt
2274 3095 2275 3102 ι

264 3171 349 3268 quia
377 3171 415 3240 in
443 3169 601 3264 qualibet
629 3164 790 3236 doctrina
821 3161 1014 3254 plurimum
1037 3161 1146 3230 refert
1166 3169 1260 3228 recte
1313 3151 1380 3227 hoc
1412 3158 1652 3229 tristissimum
1685 3157 1871 3230 dissidium
1905 3159 1944 3229 in
1977 3185 2105 3252 genere
2134 3157 2248 3232 tunm

264 3295 472 3363 cognoscere
504 3269 605 3340 initia
637 3281 671 3338 et
698 3267 831 3348 fontes,
869 3263 960 3332 sicut
985 3262 1131 3332 dicitur:
1164 3253 1259 3354 ἀρχὴ
1312 3259 1409 3352 quod
1433 3281 1570 3350 semper
1589 3260 1753 3343 fuerunt,
1783 3275 1924 3332 suntet
1950 3279 2060 3334 erunt
2084 3265 2248 3332 dunum

262 3371 380 3469 ἥμισυ
403 3369 558 3456 παντὸς,
591 3365 656 3442 καὶ
677 3359 969 3458 πλέονῆἥμισυ.
1023 3362 1181 3433 Instituit
1196 3385 1260 3431 au·
1313 3383 1464 3452 quorum
1489 3361 1639 3428 alterum
1663 3359 1725 3428 ille
1746 3359 1822 3452 ipse
1844 3361 1938 3432 lilius
1954 3362 2045 3444 Dei,
2079 3367 2249 3456 deqnopn

262 3489 334 3548 tem
350 3473 445 3546 Deus
460 3473 697 3544 ministerium
711 3468 881 3551 docendi,
907 3489 981 3534 non
995 3477 1038 3536 ut
1051 3487 1183 3533 novum
1201 3485 1260 3552 gc-
1313 3461 1433 3530 missio
1455 3461 1631 3554 loquitur,
1660 3461 1856 3536 ministerio
1874 3459 2065 3556 Evangelii
2087 3463 2214 3552 colligit,
2233 3469 2250 3522 tl

262 3603 332 3653 nus
361 3577 544 3648 doctrinae
572 3575 759 3668 quisquam
787 3569 927 3659 gignat,
966 3567 1026 3636 sed
1047 3578 1088 3635 ut
1111 3565 1259 3634 lectores
1312 3586 1392 3632 vere
1406 3564 1504 3634 adest
1520 3564 1564 3648 ei,
1589 3576 1710 3654 regnat
1723 3563 1761 3632 in
1779 3587 1832 3648 eo,
1855 3565 1943 3654 tegit
1958 3583 2101 3658 peccata
2117 3581 2251 3656 agnosces

263 3680 397 3772 populo
418 3679 462 3748 ad
487 3677 635 3746 verbum
660 3671 808 3742 recitent
834 3667 898 3740 hos
922 3669 1017 3760 ipsos
1039 3667 1151 3738 libros
1169 3663 1259 3735 Pro·
1310 3663 1400 3732 tium
1421 3663 1558 3756 ipsum,
1592 3677 1625 3734 et
1649 3666 1809 3736 accendit
1824 3669 1929 3736 corda
1945 3693 2071 3740 eorum
2087 3667 2203 3764 Spiritu
2214 3683 2251 3728 sut

262 3776 422 3872 pheticos
448 3792 482 3848 et
507 3775 752 3869 Apostolicos,
789 3785 828 3842 ut
854 3772 938 3840 inde
963 3781 1102 3840 sumant
1129 3788 1259 3852 veram,
1310 3779 1451 3849 sancto,
1474 3779 1515 3836 ut
1538 3789 1619 3834 vere
1641 3765 1808 3838 invocent
1824 3764 1939 3838 Deum
1956 3785 1992 3840 et
2010 3771 2045 3840 ei
2061 3770 2219 3848 obediant,
2233 3771 2251 3825 tl

289 3905 389 3950 uram
411 3893 444 3948 et
466 3879 709 3970 incorruptam
728 3873 927 3944 doctrinam
944 3872 988 3942 de
1002 3867 1078 3941 Deo
1094 3868 1187 3940 etde
1203 3889 1257 3936 sa·
1311 3867 1427 3937 reddit
1441 3867 1490 3935 eis
1505 3867 1613 3948 vitam
1630 3880 1664 3936 et
1679 3867 1829 3938 salutem
1843 3883 2037 3945 aeternam.
2075 3869 2183 3942 Altera
2194 3861 2250 3933 rnul-

263 3905 338 4054 lure
360 3979 497 4071 generis
519 3974 684 4062 humani;
720 3975 850 4044 deinde
872 3998 974 4057 vero,
1000 3972 1082 4065 quia
1100 3969 1258 4040 rudiori·
1310 3967 1425 4037 titudo
1448 3969 1571 4056 ignara
1593 3963 1661 4035 Dei
1681 3983 1827 4057 vagatur
1849 3971 1887 4038 in
1911 3975 2091 4058 tenebris,
2121 3967 2251 4042 etardus

262 4085 329 4157 bus
350 4105 439 4175 opus
463 4093 516 4150 est
538 4075 875 4150 commonefactione
895 4077 939 4144 de
957 4067 1077 4164 phrasi
1091 4085 1124 4142 et
1139 4071 1183 4140 de
1198 4095 1258 4140 or·
1310 4069 1515 4153 ambitione,
1540 4067 1751 4148 libidinibus
1768 4084 1803 4141 et
1818 4072 1896 4141 aliis
1913 4077 2115 4146 errantibus
2130 4065 2249 4162 cupidite

262 4185 348 4256 dine
380 4183 621 4253 membrorum
656 4177 695 4248 in
726 4177 898 4260 lectione,
928 4174 1179 4244 declarandum
1207 4183 1258 4242 cst
1309 4171 1423 4252 tibus,
1455 4170 1649 4242 contemnit
1670 4183 1705 4240 et
1729 4173 1805 4242 odit
1828 4169 2078 4262 Evangelium.
2126 4167 2248 4243 Hanclu

261 4309 371 4378 genus
386 4284 571 4368 sermonis,
598 4281 846 4352 monstrandae
862 4279 1022 4364 regiones
1035 4275 1256 4344 diversorum
1309 4273 1438 4341 riosam
1451 4260 1717 4343 multitudinem
1735 4274 1868 4344 diaboli
1887 4276 2040 4348 incitant
2053 4263 2248 4348 adversns'ls·

261 4401 571 4476 argumentorum,
603 4395 638 4453 et
661 4381 816 4473 imperiti
835 4377 1022 4448 erudiendi
1039 4389 1141 4460 sunt,
1166 4399 1257 4468 quo-
1309 4374 1469 4458 clesiam,
1500 4387 1540 4443 ut
1555 4369 1645 4442 Cain
1669 4374 1844 4446 interserit
1863 4378 2029 4461 fratrem,
2051 4361 2086 4450 et
2101 4375 2250 4448 simitum

261 4493 370 4559 modo
393 4489 435 4558 ad
459 4511 563 4556 usum
579 4485 617 4552 in
633 4483 855 4552 invocatione
871 4481 959 4550 etin
978 4479 1048 4548 vita
1068 4479 1256 4546 transferre
1308 4475 1426 4547 luntas
1442 4487 1494 4546 est
1511 4475 1549 4542 in
1564 4470 1671 4546 Esau.

262 4591 452 4662 sententias
469 4603 502 4657 et
518 4585 675 4676 exempla
691 4588 850 4652 debeant.
906 4579 950 4649 ln
960 4575 1026 4649 hoc
1041 4603 1167 4668 genere
1180 4601 1257 4646 ma-
1409 4573 1506 4646 Haec
1529 4577 1684 4664 ingentia
1703 4579 1911 4666 certamina,
1940 4593 2034 4674 quae
2048 4602 2164 4652 omnes
2177 4563 2249 4644 honi·

261 4717 371 4780 gnum
386 4705 436 4760 est
453 4691 687 4778 interpretum
701 4685 899 4755 discrimen.
937 4678 1157 4752 Cumautem
1174 4672 1255 4747 Lu·
1308 4701 1370 4746 nes
1391 4679 1495 4747 valde
1516 4679 1709 4760 mirantur,
1750 4683 1868 4752 statim
1887 4683 1993 4753 initio
2018 4683 2058 4752 in
2080 4683 2181 4774 prima
2199 4689 2248 4742 ret·

262 4787 359 4862 theri
381 4794 575 4862 ministerio
593 4785 688 4858 Deus
702 4783 892 4856 Ecclesiam
919 4781 1179 4872 repurgaverit,
1211 4784 1253 4852 ad
1308 4779 1408 4850 cione
1426 4779 1600 4870 praedicta
1618 4793 1701 4848 sunt
1715 4773 1771 4850 his
1787 4785 1920 4853 verbis:
1947 4807 2080 4876 ponam
2100 4769 2248 4852 ininsula

262 4895 358 4986 qnod
382 4917 462 4963 eum
487 4891 738 4962 excellentibus
761 4886 866 4955 donis
885 4886 1068 4967 instruxit,
1099 4907 1155 4952 res
1179 4883 1254 4970 ipsa
1307 4881 1401 4950 inter
1416 4903 1532 4949 semen
1548 4881 1709 4949 mulieris
1724 4895 1758 4951 et
1773 4905 1891 4954 semen
1910 4887 2094 4976 serpentis.
2134 4881 2249 4952 Praene

261 4995 427 5075 ostendit,
447 4993 557 5084 ipsius
571 4991 811 5062 enarrationes
824 4989 928 5078 longe
943 4987 1150 5055 antecellere
1165 4985 1255 5052 alio-
1308 4983 1423 5078 nenda
1446 4983 1541 5049 e'nim
1555 4995 1641 5053 ·erat
1657 4978 1833 5070 Ecclesia,
1866 5000 1905 5058 nt
1930 4989 2053 5070 sciret,
2082 5009 2116 5055 se
2128 5005 2189 5052 nou
2202 4975 2246 5042 idn

261 5121 341 5167 rum
366 5096 596 5186 interpretum
618 5093 775 5183 scriptis,
811 5113 897 5182 qnas
920 5087 1061 5179 quidem
1084 5099 1200 5156 extare
1221 5099 1255 5155 et
1307 5083 1436 5172 negligi
1463 5109 1482 5151 a
1509 5081 1603 5164 Deo,
1645 5085 1909 5180 qnia'impcriis
1933 5088 2084 5178 potituri
2103 5065 2247 5156 essentalli

260 5201 304 5267 ad
329 5211 486 5290 posteros
509 5194 699 5266 transmitti
719 5191 808 5262 utile
831 5203 900 5272 est,
930 5213 1004 5256 non
1023 5189 1135 5255 solum
1155 5187 1253 5255 ntil-
1305 5197 1567 5256 contemnentes
1591 5187 1787 5254 doctrinam
1804 5185 1873 5260 Dei
1894 5203 1928 5259 et
1943 5187 2244 5281 oppresserimus
2276 5249 2277 5258 ,

261 5301 456 5372 lustrentur
471 5298 555 5368 libri
571 5287 773 5388 Prophetici
788 5303 823 5362 et
837 5290 1046 5381 Apostolici,
1070 5291 1129 5359 sed
1147 5291 1252 5358 etiam
1305 5285 1561 5357 custodientem
1587 5283 1831 5374 Evangelium.
1880 5285 1947 5360 Est
1971 5285 2008 5361 et'
2030 5275 2243 5373 contemplaris
2276 5301 2277 5328 2

258 5417 299 5476 ut
320 5405 364 5472 de
388 5403 555 5470 omnibus
576 5397 734 5468 articulis
749 5405 832 5464 nota
849 5393 922 5464 sint
939 5392 1004 5459 viri
1020 5391 1129 5476 tanti,
1153 5392 1254 5460 cuius
1303 5389 1410 5458 series
1427 5385 1912 5476 gubernatorum'Ecclcsiae,
1938 5405 1972 5461 et
1989 5394 2037 5464 de
2050 5387 2181 5479 singulis
2194 5395 2244 5448 cos·
2276 5395 2277 5444 t

258 5519 378 5604 pectus
393 5501 530 5597 Spiritu
544 5511 664 5570 sancto
679 5498 879 5588 regebatur,
903 5494 1104 5568 testimonia
1120 5507 1153 5564 et
1167 5515 1252 5562 con·
1303 5491 1708 5569 sideranda·doctrlrra',·'
1725 5487 1864 5562 deiude
1876 5493 2078 5564 testimonio
2092 5477 2242 5583 patefacte
