4614 6226
202 309 276 384 sss
809 295 1249 394 netsrostnuu
1308 303 1417 386 mn
1442 304 1508 385 xc
1535 307 1669 387 sats.
2149 318 2208 396 a,
2284 267 2285 342 ³

206 479 447 563 contessione,
470 499 577 570 quam
593 473 665 562 illi,
688 475 751 572 qui
765 474 862 547 inter
878 475 1204 568 adplausoressuos
1250 475 1320 555 dile
1333 477 1509 570 partium,
1540 479 1626 550 odio
1648 479 1933 552 adversariorum
1952 479 2051 556 etiam
2072 483 2210 560 istosne·
2282 517 2285 574 t

207 585 246 655 in
269 597 347 656 tuto
364 581 471 652 nobis
485 580 748 665 convicientur,
772 601 861 672 quos
876 591 1079 670 optaremus
1093 578 1206 650 iuter·
1251 593 1363 652 tustos
1386 603 1504 652 mures
1530 595 1764 672 congruentes
1789 607 1871 658 curn
1884 579 2038 656 Ecclesia
2061 587 2125 660 Dei
2146 589 2211 662 iude
2283 577 2285 660 l

208 707 282 758 esse
297 683 342 754 iis
358 681 729 776 disputationibus,in
743 681 873 774 quibus
888 694 1206 770 argumentaastu-
1250 705 1362 779 usquc
1396 683 1567 774 aprimis
1599 685 1807 774 parentibus
1839 686 2104 764 abiicererousl,
2132 671 2213 766 Sient
2283 671 2285 716 ²

208 787 343 859 tissime
360 781 397 879 ²)
433 784 641 872 excogitata,
681 804 810 871 magno
843 783 967 852 labore
1000 784 1205 854 refutamus.
1250 775 1424 856 Cinesias
1439 778 1749 878 quidamAtdenis
1765 787 1961 860 lestosdies
1973 791 2213 884 contrariospo·
2284 795 2285 804 ’

207 887 379 963 Eduntur
393 888 486 980 apud
500 907 566 956 nos
581 898 617 955 et
633 885 717 956 libri
739 885 865 968 iidem,
884 885 947 978 qni
969 896 1051 972 ante
1071 886 1206 956 bellum
1251 887 1329 979 puli
1350 887 1598 960 consuetudini
1618 889 1829 964 celebrabat.
1884 885 1935 962 Et
1956 885 2136 988 AEioni')
2154 916 2214 964 suet

211 992 298 1068 editi
325 1003 426 1074 sunt3
460 986 533 1058 Nec
548 986 638 1058 ritus
653 971 1048 1057 aliisuntinEcclesiis
1063 988 1206 1072 nostris,
1251 1000 1467 1070 mactarunt,
1494 1001 1528 1058 et
1551 989 1768 1060 contrarium
1785 990 1872 1073 anni
1891 991 2033 1062 initium
2052 995 2214 1066 constitus-
2284 1003 2285 1060 t

211 1117 319 1190 quarn
341 1113 431 1186 quos
454 1089 605 1160 vidistis.
664 1086 713 1160 Et
742 1111 946 1182 quanquam
977 1111 1050 1158 non
1079 1113 1207 1180 magna
1251 1103 1356 1174 runt,
1381 1103 1422 1162 ut
1437 1077 1662 1164 ostenderent
1675 1116 1711 1162 se
1729 1115 1873 1183 prorsus
1889 1094 2022 1166 alienos
2037 1117 2106 1166 esse
2119 1097 2158 1168 ab
2168 1089 2216 1166 is·

209 1193 463 1268 dissimilitudo
476 1206 546 1276 cst,
566 1204 685 1262 tamen
700 1191 786 1260 alibi
803 1191 941 1283 plnres,
957 1189 1045 1260 alibi
1062 1176 1208 1283 pa'ncio-
1253 1186 1411 1268 melitis.
1461 1189 1600 1264 Scimus
1625 1216 1671 1263 ne
1696 1217 1759 1266 ros
1785 1194 1931 1290 quidem
1963 1197 2109 1289 pmbare
2134 1198 2215 1268 talen
2283 1193 2284 1198 ’

208 1321 266 1369 res
286 1309 386 1382 sunt,
417 1296 461 1364 de
481 1317 551 1388 qna
575 1293 865 1364 dissimilitudine
889 1307 1078 1364 necantes
1103 1293 1209 1366 rixati
1252 1293 1467 1378 novitatem,
1500 1305 1534 1366 et
1555 1307 1758 1366 reverenter
1782 1295 1876 1368 tueri
1899 1309 2054 1370 vetustae
2069 1294 2218 1370 Ecclesiae

211 1419 354 1484 sumus,
378 1419 444 1468 uec
459 1396 738 1467 nuncn'xamur.
791 1393 881 1468 Nam
907 1397 1208 1487 etessepublicos
1251 1397 1434 1481 ordinem,
1467 1395 1531 1489 qui
1558 1397 1655 1468 bono
1683 1399 1833 1469 consilio
1866 1399 2050 1474 institutus
2073 1413 2130 1470 cst.
2178 1395 2217 1472 dc
2277 1362 2282 1455 i

211 1522 419 1593 congressus
443 1491 626 1578 honestos,
662 1496 813 1567 stritus
838 1520 912 1566 non
939 1497 1144 1568 barbaricos
1169 1499 1205 1568 in
1253 1497 1435 1592 praecipui
1452 1497 1543 1568 ritus
1566 1498 1605 1568 in
1627 1500 1751 1570 vestris
1772 1513 1807 1570 et
1830 1501 1960 1570 nostris
1974 1499 2136 1586 Ecclesiis
2155 1525 2219 1572 con·

209 1605 284 1675 illis
294 1600 556 1692 congressibus,
571 1599 644 1668 imo
658 1600 875 1692 etquaedam
891 1599 1207 1690 disciplinaesigna
1252 1613 1386 1690 gruunt
1400 1601 1444 1670 ad
1463 1613 1614 1671 veterem
1629 1603 1801 1686 sormam,
1827 1625 1916 1695 quae
1931 1617 2025 1674 extat
2048 1604 2085 1673 in
2098 1603 2220 1695 sclipto·

115 1723 120 1744 '
211 1729 285 1778 esse
303 1716 529 1798 necessust,
553 1695 831 1795 inquibus³)si
851 1687 1084 1772 niltilcontra
1106 1725 1209 1772 mau-
1252 1703 1373 1801 ribus,
1398 1699 1567 1795 quiante
1589 1695 1982 1796 Gregoriumluerunt.
2033 1703 2221 1798 Disciplina

210 1811 293 1880 data
307 1804 375 1876 Dei
386 1803 594 1874 institutum
615 1815 685 1887 est,
711 1805 755 1872 de
769 1803 925 1894 gestibus
941 1803 1027 1894 ipsis
1042 1826 1118 1874 non
1134 1827 1208 1874 esse
1253 1804 1419 1875 severitas
1435 1803 1617 1898 aliquanto
1635 1805 1750 1876 maior
1761 1806 1848 1891 fuit,
1873 1816 1909 1878 et
1930 1807 2092 1880 exercitia
2115 1819 2222 1898 tenpe-

211 1900 561 2003 puguandum⁴)vos
579 1903 645 1994 ipsi
660 1905 766 1986 scitis.
814 1904 884 1976 Sed
902 1905 1077 1978 metuistis
1093 1906 1210 1994 inge·
1253 1906 1389 1976 cantiae
1410 1905 1541 1976 maiora
1560 1907 1725 1988 fuerunt,
1749 1931 1837 2000 quas
1859 1909 1949 1978 duas
1973 1931 2031 1980 res
2048 1931 2221 2000 nuncque·
2277 1858 2284 1944 i

212 2010 325 2088 nmali
347 2009 457 2080 verbo
480 2007 645 2090 insidias,
672 2030 752 2077 cum
778 2006 929 2076 dicimus
949 2029 1015 2078 nos
1038 2008 1082 2076 de
1099 2005 1210 2078 Adia·
1254 2032 1322 2102 qne
1340 2019 1502 2098 optamus
1517 2031 1622 2078 curae
1636 2031 1710 2078 esse
1723 2009 2045 2098 gubernatoribus,
2070 2003 2223 2104 quiCcrc·
2283 2001 2284 2054 3

212 2109 336 2208 piloris
360 2133 435 2180 non
457 2129 625 2200 pugnare.
687 2107 850 2180 Veniunt
880 2109 1002 2178 eadem
1033 2109 1137 2180 nobis
1171 2109 1210 2178 in
1253 2109 1411 2195 munias,
1448 2121 1483 2180 et
1503 2111 1647 2182 umbras
1674 2109 1882 2202 disciplinae
1908 2112 1947 2182 in
1973 2113 2125 2206 speciem
2148 2109 2225 2181 resti·
2284 2179 2285 2188 ,

211 2227 386 2298 mentem,
411 2233 501 2305 quae
516 2232 580 2280 vos
596 2209 790 2302 prudenter
810 2208 1030 2301 prospicitis·
1070 2205 1120 2280 Et
1144 2236 1209 2280 vo-
1256 2225 1353 2282 tuere
1369 2223 1561 2297 conantur,
1585 2236 1660 2282 non
1677 2235 1733 2286 res
1749 2213 1853 2308 ipsas.
2284 2221 2285 2224 ’

212 2319 366 2388 luntates
387 2313 584 2384 multorum
607 2335 648 2382 co
670 2325 844 2404 spectant,
876 2325 918 2380 ut
938 2311 1209 2385 inclinationem
1355 2311 1424 2384 Sed
1439 2307 1667 2403 reprehensio
1684 2327 1816 2400 vestra,
1841 2339 1916 2384 non
1943 2317 1990 2388 de
2013 2310 2082 2386 bac
2108 2309 2226 2386 honen

212 2421 256 2488 ad
271 2431 381 2488 totam
395 2413 553 2506 politiam
570 2411 792 2484 Pontificiam
808 2413 952 2486 faciant.
1004 2413 1074 2487 Sed
1091 2427 1208 2486 tamen
1254 2411 1762 2488 consuetudineEcclesiarum
1777 2429 1980 2488 nostrarum
1997 2411 2224 2513 loquitur‚sed
2284 2453 2285 2472 κ

213 2543 293 2592 cum
308 2516 468 2608 occupati
484 2514 678 2586 maioribus
695 2515 948 2586 certaminibus
964 2517 1008 2586 de
1024 2517 1130 2588 rebus
1146 2540 1211 2586 ne·
1256 2520 1301 2586 de
1335 2518 1559 2610 quorundam
1586 2517 1789 2610 ineptorum
1814 2519 1950 2592 rituum
1989 2518 2222 2594 instauratione,

214 2619 389 2702 cessariis,
421 2618 620 2688 omittimus
649 2618 742 2688 rixas
772 2618 816 2686 de
843 2611 1080 2710 Adiapboris,
1113 2620 1212 2688 decet
1255 2643 1344 2714 quae
1368 2617 1483 2688 lieris
1505 2620 1711 2709 potentibus
1733 2619 1876 2692 videtur
1900 2633 1941 2692 ut
1958 2623 2133 2714 paulatim
2154 2613 2224 2688 resti·

214 2721 455 2800 honosviros,
482 2719 544 2814 qui
561 2717 645 2788 talia
661 2717 802 2809 legunt,
828 2711 998 2789 adbibere
1018 2721 1210 2791 dexterita-
1254 2731 1402 2792 tuantur
1431 2743 1554 2790 omnes
1582 2721 1712 2792 abusus
1736 2719 1928 2798 Pontificii.
1990 2722 2063 2794 ilic
2095 2717 2228 2794 mollities

213 2841 285 2895 tem
300 2825 337 2893 in
355 2822 560 2892 indicando.
587 2818 776 2892 ⁴Vacemus
791 2815 1019 2911 ddisphora,
1043 2845 1119 2892 non
1136 2845 1213 2892 ma·
1255 2838 1374 2894 nostra
1399 2835 1601 2906 accusatur,
1621 2825 1716 2918 quod
1742 2847 1816 2918 non
1830 2819 2085 2896 vehementius
2099 2826 2231 2896 adverse·

213 2929 307 3017 giras
329 2924 629 3006 consecrationes,
652 2946 726 2992 non
753 2927 948 2994 'statuarum
975 2925 1211 3010 adorationes,
1254 2948 1353 3008 mur,
1389 2925 1486 3016 qnod
1515 2923 1646 3014 alicubi
1671 2926 1797 2998 damus
1820 2926 2015 3000 consilium
2046 2922 2230 2998 Pastoribut

215 3051 290 3099 non
321 3025 665 3116 circumgestatiunes
697 3023 800 3118 panis
839 3035 901 3097 aut
934 3023 1084 3114 similia,
1122 3049 1211 3122 quae
1256 3049 1302 3096 ne
1324 3027 1489 3100 deserant
1507 3023 1684 3100 Ecclesiae
1708 3039 1854 3121 propter
1876 3023 1972 3103 hanc
1997 3054 2130 3102 novam
2152 3019 2233 3096 servi

214 3143 334 3222 aperte
357 3129 573 3200 damnantur
591 3148 675 3198 voce
698 3139 819 3198 nostra
836 3139 871 3198 et
894 3128 1054 3220 scriptis,
1076 3129 1150 3199 imo
1166 3135 1212 3199 ne
1256 3141 1378 3202 tutem.
2283 3165 2284 3206 t

213 3230 366 3324 ineptias
381 3231 545 3324 quidun,
571 3242 613 3304 ot
629 3229 792 3302 excubias
808 3230 853 3302 ad
869 3231 1081 3321 sepulcrum·
1108 3229 1212 3304 Talia
1359 3227 1554 3302 inditione
1576 3223 1815 3300 Marcltinm's
1832 3225 1985 3302 Atheni
2005 3231 2090 3302 auls
2110 3227 2235 3322 primum

212 3336 275 3430 qui
297 3333 356 3404 vel
378 3332 499 3404 odiose
522 3346 748 3416 coacervant,
780 3345 821 3403 ut
844 3354 910 3402 nos
931 3333 1124 3425 exagitent,
1156 3334 1212 3402 vel
1257 3331 1401 3425 petivit,
1433 3345 1476 3402 ut
1499 3330 1660 3404 Pastores
1686 3345 1801 3404 totum
1835 3333 1972 3404 librum
1999 3328 2236 3426 Augustorum

213 3451 327 3510 astute
348 3435 537 3524 colligunt,
564 3447 603 3506 ut
618 3431 825 3506 Pectoribus
846 3433 992 3506 duriora
1014 3459 1123 3506 onera
1144 3434 1214 3504 im·
1257 3434 1606 3526 amplecterenturac
1620 3447 1863 3534 sequerentur.
1915 3433 1985 3506 Pio
2006 3427 2237 3506 consensuNe

215 3552 373 3631 ponant,
397 3537 566 3608 iniuriam
582 3536 687 3606 nobis
702 3535 856 3620 iaciunt,
882 3551 916 3606 ct
938 3536 1011 3608 suis
1028 3537 1213 3610 affectibus
1257 3535 1423 3622 bilitatis,
1440 3531 1583 3604 Civium
1600 3533 1837 3608 etPastorum
1851 3538 2018 3608 modeste
2034 3538 2128 3608 lacta
2144 3545 2239 3604 estre·
2279 3529 2284 3644 l

213 3663 352 3710 morem
370 3653 507 3726 gerunt.
559 3633 640 3708 Alia
655 3637 766 3709 multa
783 3634 1106 3729 suntAdiaphora,
1123 3663 1214 3732 quae
1258 3637 1404 3712 cusatio.
1453 3633 1620 3708 Decurrit
1644 3661 1727 3728 ergo
1749 3638 1829 3712 aula
1856 3639 1902 3708 ad
1927 3639 2034 3710 aliud
2064 3635 2241 3709 consilium:

215 3757 250 3812 et
263 3739 508 3834 antiquissima
523 3737 681 3810 Ecclesia
698 3739 872 3824 instituit,
888 3741 982 3814 etad
998 3741 1214 3814 concinnum
1259 3738 1426 3832 proponit
1441 3738 1626 3824 articulos,
1640 3739 1704 3833 qui
1712 3739 1910 3812 doctrinam
1924 3753 1961 3810 et
1970 3739 2177 3830 Liturgiam
2189 3749 2242 3804 11⁰ss

217 3843 401 3926 ordinem,
434 3853 468 3910 et
492 3841 534 3910 ad
566 3841 746 3911 docendos
766 3862 828 3910 seu
850 3845 1215 3916 commonefaciendus
1258 3835 1462 3935 mutant²),
1485 3841 1544 3910 sed
1565 3839 1644 3930 plus
1660 3841 1794 3914 rituum
1812 3841 2035 3936 imponunt,
2061 3842 2125 3936 qui
2139 3851 2242 3911 utcun-

214 3945 378 4016 rudiores
392 3941 616 4026 conducunt,
639 3953 680 4012 ut
692 3943 782 4012 ordo
791 3939 1215 4036 Festorum,lectionum,
1259 3967 1327 4036 que
1357 3941 1502 4011 tolerari
1534 3957 1690 4031 possunt.
1751 3939 1909 4014 Additur
1934 3943 2195 4020 comminuto,
2219 3941 2245 4002 ¹1¹

217 4045 353 4138 publici
368 4064 590 4132 congressus,
616 4066 761 4112 examen
778 4057 815 4114 et
827 4044 1004 4117 absolutio
1014 4057 1101 4118 'ante
1116 4069 1216 4117 sum-
1260 4044 1322 4138 qui
1346 4037 1440 4114 banc
1460 4066 1621 4112 normam
1645 4044 1746 4136 sequi
1767 4046 1903 4131 nolint,
1935 4043 2144 4120 discedant.
2188 4029 2243 4109 Etsi
2280 4030 2281 4041 ἵ

215 4150 352 4222 tionem
375 4143 615 4226 Sacrameuti,
641 4144 730 4216 ritus
751 4144 882 4236 aliquis
904 4147 1068 4238 publicae
1090 4148 1216 4241 poeni·
1258 4145 1363 4218 multi
1386 4143 1549 4216 Pastores
1571 4145 1750 4218 discedere
1771 4147 2132 4230 malebant‚,tamen
2148 4139 2247 4218 End*

217 4251 366 4333 tentiae,
398 4269 543 4322 examen
569 4247 608 4320 in
628 4246 916 4332 confirmatione,
954 4249 1094 4339 publica
1117 4252 1217 4320 ordi·
1259 4246 1331 4316 siae
1363 4247 1548 4339 petebant,
1589 4271 1635 4316 ne
1667 4249 1926 4322 desererentur.
1989 4249 2080 4320 Tali
2115 4255 2246 4335 tempu*

216 4355 314 4424 natio
335 4351 381 4422 ad
405 4350 644 4420 ministerium
666 4343 944 4438 Evangelieum,
967 4352 1127 4442 publicae
1154 4354 1215 4422 de·
1259 4349 1346 4441 quid
1363 4349 1503 4418 consilii
1519 4351 1677 4420 dandum
1694 4350 1791 4422 suit?
1823 4347 2072 4441 Respondent
2086 4346 2197 4443 aliqui
2207 4361 2250 4410 tt·

215 4453 477 4547 sponsationes,
513 4463 546 4520 et
577 4451 796 4543 precationes
829 4450 866 4520 in
891 4453 1045 4544 nuptiis,
1075 4449 1215 4544 bonesti
1259 4445 1507 4535 ltemnntiures,
1522 4451 1633 4522 atroci
1645 4452 1775 4544 scripto
1789 4453 2159 4541 perterrefaciendum
2169 4445 2251 4520 luit*

217 4557 405 4630 comitatus
419 4567 480 4624 aut
497 4552 602 4624 etiam
621 4553 808 4636 conciones
823 4554 862 4622 in
882 4555 1078 4629 funeribus.
1260 4553 1378 4624 aulam
1395 4566 1493 4623 metu
1508 4554 1711 4638 seditionis,
1736 4566 1771 4624 et
1787 4549 1853 4624 bac
1870 4545 2057 4648 Gorgone
2079 4553 2252 4647 reprimet*

317 4669 415 4741 ilaec
443 4691 523 4740 cum
547 4669 715 4761 pleraque
737 4663 819 4765 in‘)
842 4693 910 4742 um
928 4673 1000 4744 ,tm
1020 4675 1217 4766 ψῃὰῃος,
1261 4655 1364 4738 dam,
1390 4655 1536 4747 nequid
1553 4655 1593 4723 in
1603 4650 1772 4726 E'cclesiis
1793 4667 2011 4730 mutaretur.
2071 4655 2115 4728 ld
2140 4676 2199 4726 cur
2216 4647 2252 4716 le

167 4769 179 4776 ·
218 4790 252 4846 ,t
273 4777 370 4843 bom,
395 4751 546 4842 {omitto
573 4782 709 4842 ,mm
736 4771 826 4856 sim,
860 4797 930 4866 qu,
954 4777 1072 4848 sm„
1099 4776 1216 4848 diem
1262 4779 1340 4824 cere
1354 4755 1530 4840 nolimus,
1555 4757 1687 4828 multae
1704 4751 1919 4848 honestem)
1937 4781 2075 4830 causae
2091 4769 2184 4828 sunt.
2218 4740 2251 4814 El

217 4890 435 4968 poteramus,
467 4895 534 4942 nos
555 4871 654 4942 nulla
680 4866 906 4966 Adiaphora‚
930 4872 1024 4947 nibil
1046 4879 1216 4951 usitatum
1260 4856 1417 4928 s⁰i¹³⁵⁸i⁸
1442 4858 1554 4947 madii
1588 4857 1815 4930 lf‘liflffllffl'
1848 4859 2014 4948 inimicis
2050 4859 2119 4954 qui
2151 4853 2254 4960 mimi

217 4976 431 5048 admissuros
454 4974 553 5044 csse?
604 4969 665 5044 An
686 4989 728 5046 ut
743 4973 781 5046 lit
797 4974 835 5044 in
850 4977 1064 5051 factionibus
1085 4994 1120 5052 et
1141 4995 1216 5054 stu
1261 4959 1330 5030 ‘lbi
1364 4958 1458 5048 ¹²8⁰⁸
1483 4983 1503 5030 ὃ
1531 4959 1634 5030 110Βῖ8
1660 4961 1762 5030 ἷθῑῐῑῐ
1810 4959 1974 5032 dicerem
2002 4963 2118 5034 eliam
2145 4943 2253 5028 elini*

1262 5060 1435 5132 exercitus
1453 5059 1630 5132 Caesaris:
1664 5062 1748 5134 talia
1771 5063 1900 5155 scripta
1923 5085 2007 5133 esse
2033 5063 2180 5134 classica
2201 5048 2257 5124 bd·

218 5150 324 5162 -ω-
332 5147 436 5156 ...η’-

1232 5227 1235 5234 ’
1264 5224 1488 5242 -u--n-

249 5233 279 5302 ἰ)
297 5227 457 5284 amicssime
471 5223 534 5279 cot.
546 5218 614 5280 Bes.
629 5233 656 5278 ec
667 5231 731 5298 test.
743 5224 824 5298 prin.

248 5318 279 5376 di
302 5313 372 5370 θοᾶν
385 5312 451 5366 3¹7·
463 5317 489 5366 ‘i
504 5308 664 5384 ¹‘¹l·,li¹'i¹¹¹·
677 5325 743 5380 qua.
1296 5315 1329 5384 6)
1341 5315 1418 5374 ¹(lod.
1432 5313 1497 5374 Etr.
1510 5325 1536 5370 ct
1550 5323 1613 5374 lert.
1626 5316 1706 5388 prim.
1719 5319 1849 5378 Asiatici.

250 5407 278 5471 4)
298 5401 373 5456 Tui·
391 5397 472 5470 prim.
487 5397 651 5448 rixandum.
1296 5399 1329 5470 7)
1349 5399 1420 5454 cod.
1435 5399 1505 5456 Bu.
1521 5410 1547 5454 et
1561 5409 1624 5460 test.
1640 5399 1722 5473 prim.
1737 5411 1849 5458 amnt.

249 5491 277 5560 5)
295 5489 374 5558 {waso
393 5479 453 5536 cod.
469 5477 530 5530 Bet.
542 5493 570 5532 et
588 5486 649 5532 text.
663 5477 747 5550 prim·
1297 5486 1324 5556 3)
1342 5489 1478 5542 mmm
1490 5485 1565 5542 ,dap
1579 5485 1643 5546 md,
1657 5487 1724 5548 nm
1743 5499 1769 5546 ει
1779 5498 1846 5547 m
1859 5490 1941 5563 μή..
