4592 6218
38 321 117 396 ros
599 319 1029 402 urtsronanunt
1080 303 1185 394 Lan.
1209 313 1290 388 stt.
1347 311 1461 388 asso
2013 307 2090 382 rto

97 548 117 579 ,
144 485 250 564 lione
262 489 349 564 v‘ero
361 487 408 564 de
422 491 511 588 ipsis
527 495 713 592 sententiis
727 519 801 568 non
816 495 915 568 allud
935 517 1039 591 prae-
1091 513 1171 562 cum
1188 485 1365 559 Ecclesiae
1379 485 1578 558 doctrinam
1592 507 1634 560 ex
1647 483 1809 560 fontibus
1818 475 1994 568 hauserat,
2009 492 2103 568 tum,

42 591 187 666 conium
208 595 354 680 addam,
383 595 455 665 nisi
483 589 572 683 hoc,
602 597 699 692 quod
725 598 953 692 praecipuum
977 609 1041 684 est,
1092 593 1236 662 latinas
1261 604 1295 662 ct
1311 587 1464 660 Graecas
1488 584 1653 657 historias
1670 589 1816 658 adsidue
1836 585 1991 675 legebat,
2012 605 2087 656 ara

42 691 130 768 haec
149 695 292 768 oracula
312 719 435 768 vucern
453 719 527 768 esse
541 697 697 792 Spiritus
720 699 832 772 sancti
852 701 891 770 in
914 695 1040 770 Eccle-
1093 696 1168 763 viro
1193 691 1397 762 doctissimo
1414 681 1582 759 Arnoldo
1605 683 1773 758 Burenio
1794 687 1838 758 ad
1860 686 2087 756 formandam

41 799 119 882 sia,
142 811 177 868 et
199 819 392 888 congruere
414 823 494 873 cum
515 797 608 892 Lege
623 801 692 874 Dei
714 815 748 872 et
763 797 979 892 Evangelio,
1006 813 1040 870 et
1091 793 1255 865 latinam
1271 793 1467 864 orationem
1487 792 1536 862 sic
1556 791 1775 862 adsuefactus
1790 801 1882 876 erat,
1906 801 1947 860 ut
1959 786 2086 860 Latiare

41 897 224 972 continere
238 897 499 970 admonitiones
515 901 720 974 utilissimas
737 906 781 972 de
803 897 973 993 plurimis
986 901 1041 968 vi·
1092 910 1185 966 recte
1200 910 1234 966 et
1249 895 1434 987 splendide
1448 895 1655 988 loqueretur
1675 907 1710 963 et
1724 892 1908 962 scriberet:
1932 889 2087 981 denique
2206 979 2217 992 Η

41 1014 98 1074 tae
117 999 242 1072 officiis
256 1013 292 1071 et
306 1001 484 1093 periculis.
536 1001 657 1094 Quare
669 1017 704 1074 et
719 1004 878 1098 qnotidie
892 1003 1039 1092 legenda
1092 997 1289 1088 exemplum
1323 1008 1397 1066 erat
1429 992 1510 1065 Dux
1536 989 1713 1088 Magnus
1744 993 1892 1064 boniet
1924 989 2089 1060 salutaris

40 1114 128 1172 sunt
148 1101 317 1174 omnibus
337 1103 519 1178 aetatibus.
578 1105 739 1178 Subinde
759 1106 855 1176 enim
880 1105 1040 1176 iuniores
1093 1097 1269 1189 Principis
1283 1098 1322 1166 in
1344 1097 1486 1190 publica
1502 1107 1537 1166 et
1552 1097 1688 1187 privata
1701 1095 1786 1170 vita.
1837 1089 1960 1188 ltaque
1974 1115 2088 1188 qnan-

40 1215 78 1274 et
91 1204 297 1294 grandiores
312 1204 414 1296 plura
431 1229 473 1275 ex
486 1200 553 1276 hac
576 1207 726 1278 lectione
740 1207 892 1279 discente
917 1218 952 1278 et
974 1206 1041 1276 bo·
1091 1215 1128 1270 to
1144 1199 1219 1270 eius
1234 1199 1409 1269 desiderio
1426 1222 1500 1268 non
1515 1197 1630 1268 soleam
1643 1197 1774 1291 patria,
1801 1195 1860 1264 sed
1880 1194 1985 1266 ctiam
1999 1191 2089 1262 vici-

38 1305 100 1375 nis
117 1327 157 1374 ac
180 1303 367 1391 studiosis,
393 1306 715 1395 considerantibus,
741 1333 812 1404 quo
835 1310 1040 1380 referendae
1092 1325 1158 1372 nte
1180 1314 1301 1392 gentes
1324 1299 1556 1384 afficiantur,
1589 1299 1700 1374 Vide&
1750 1295 1820 1369 &d
1843 1309 1884 1367 ¹¹²
1906 1289 2086 1388 pi‘ll’heia

38 1407 116 1476 sint
132 1399 199 1476 hae
221 1405 446 1496 gravissimae
468 1409 746 1496 admonitiones,
778 1411 932 1482 subinde
953 1403 1040 1479 haec
1093 1403 1228 1496 inquit,
1254 1411 1449 1484 lemnius
1471 1423 1518 1474 ‘3
1538 1393 1611 1470 '¹⁰⁶
1631 1395 1787 1474 m⁰7¹⁰ll
1809 1394 1884 1468 ⁹5⁸⁰
1909 1394 2017 1480 ''flii''-
2043 1417 2088 1463 Μ

38 1505 216 1600 sapientia
238 1507 306 1580 erit
327 1509 478 1584 dulcior.
528 1509 601 1582 Sed
624 1535 689 1582 cur
704 1533 768 1602 ego
783 1537 859 1584 mea
877 1511 1040 1584 oratione
1093 1499 1240 1575 videant
1257 1513 1408 1574 ventura
1428 1499 1551 1588 main,
1577 1503 1627 1574 sic
1641 1503 1758 1594 ipsum
1775 1520 1916 1596 qnoque
1930 1497 2087 1570 Densad

38 1607 196 1679 invitare
209 1609 358 1679 lectores
373 1610 507 1681 conor?
536 1609 668 1684 Invitat
683 1637 742 1683 eos
758 1613 948 1708 liberipse,
965 1635 1040 1680 non
1092 1619 1253 1678 aeternae
1285 1603 1464 1677 Ecclesiae
1496 1605 1788 1676 consuetudinem
1819 1601 1985 1690 abduxit,
2022 1597 2089 1670 ubi

38 1732 132 1780 voce
149 1709 352 1780 Salomonis
366 1726 523 1798 tantum,
547 1716 644 1808 quod
662 1715 767 1788 etiam
784 1739 885 1810 saepe
900 1715 953 1798 fit,
979 1713 1037 1784 sed
1093 1710 1161 1780 iam
1185 1709 1279 1778 inter
1296 1709 1450 1800 optimos
1467 1707 1663 1800 principes,
1693 1701 1886 1786 Davidem,
1914 1695 2089 1790 l⁰⁸²l²l²³b

38 1809 151 1882 etiam
171 1835 257 1882 voce
282 1813 421 1902 divina,
446 1837 527 1886 eum
548 1815 682 1910 inquit:
706 1807 772 1904 „0
795 1816 883 1902 uiri,
908 1807 1040 1885 advos
1092 1804 1301 1896 Ezechiam,
1331 1809 1459 1880 lusiam
1488 1822 1524 1880 et
1556 1808 1688 1878 similes
1720 1805 1850 1876 fruitur
1883 1801 2088 1874 dulcissimo

37 1908 242 1996 „clamitor
280 1909 418 1989 audire.
468 1911 525 1984 Ab
557 1925 704 1988 aeterno
737 1913 913 1990 ordinata
945 1940 1041 2002 sam,
1093 1926 1282 2003 conspectu
1303 1925 1337 1982 et
1361 1911 1550 2004 colloquiis
1563 1909 1631 1982 Dei
1652 1920 1687 1978 et
1707 1904 1856 1980 Domini
1878 1901 2089 1988 nostrilesu

37 2023 274 2111 „antequam
300 2012 456 2100 coelum,
489 2024 605 2104 terro,
638 2016 771 2112 abyssi
794 2015 1042 2090 conderentur.
1092 2009 1244 2100 Christi,
1269 2037 1359 2106 quae
1374 2014 1414 2082 in
1427 2008 1493 2082 hac
1507 2013 1580 2082 vita
1597 2007 1853 2080 ardentissimis
1869 2005 1960 2080 erotis
1982 1995 2089 2097 eipe-

36 2111 562 2216 „Etodsuiurchitcctotrim
614 2113 727 2189 erclo
748 2118 787 2188 in
812 2119 895 2192 orbe
913 2129 1041 2204 terroe,
1093 2116 1186 2188 tivit.
1236 2113 1309 2210 lpsi
1333 2115 1442 2206 igitur
1463 2112 1625 2184 coelestia
1642 2109 1671 2208 ⁸)
1693 2109 1921 2202 gratulemur.

35 2267 62 2304 „
73 2225 105 2286 el
122 2211 273 2286 deliciae
288 2241 388 2287 meae
401 2227 488 2288 sant
506 2213 698 2292 hominum
713 2218 834 2292 saluti
846 2219 1040 2296 consulere.

36 2313 203 2404 „llcoti,
229 2319 296 2416 qui
314 2315 395 2389 vius
419 2343 519 2390 meos
545 2319 783 2396 custodiunt.''
834 2323 894 2396 Sic
917 2325 1038 2393 (lirina

37 2421 216 2514 sapientia
239 2425 277 2490 in
294 2417 359 2490 hoc
376 2423 452 2514 ipso
469 2424 562 2494 libro
584 2449 708 2495 omnes
723 2421 887 2496 homines
904 2427 1041 2496 invitat.

37 2521 124 2592 llas
138 2535 233 2590 tanta
250 2523 457 2593 auctoritate
474 2526 580 2620 siqui
600 2515 674 2597 nou
689 2541 894 2614 moventur,
917 2527 1041 2598 diario·

37 2647 101 2694 res
119 2636 200 2694 sunt
221 2624 387 2694 omnibus
410 2626 448 2694 in
461 2621 618 2698 Caucaso
636 2627 801 2720 scopulis.
849 2629 1041 2722 Praecipue

36 2749 128 2794 vcro
145 2727 257 2794 nostri
272 2727 378 2794 oflicii
396 2741 445 2797 est
460 2724 646 2798 inScholis
660 2732 881 2802 adsuefacere
893 2733 936 2802 ad
951 2727 1040 2800 hanc

36 2827 232 2898 lectionem
259 2827 428 2900 iuniores.
488 2827 572 2900 ldeo
595 2833 776 2923 superiore
798 2857 894 2902 anno
917 2855 1040 2902 rursus

37 2925 141 3000 hunc
163 2921 330 2998 libellum'
354 2943 534 3024 utcunque
557 2934 733 3006 enarravi.
792 2933 875 3006 Scio
905 2933 1040 3004 nullius

37 3029 269 3100 enarratione
286 3031 557 3122 amplitudinem
582 3057 720 3118 rerum,
745 3059 897 3130 quarem
921 3031 980 3106 hic
1001 3037 1039 3108 lit

35 3131 195 3215 mentio,
228 3129 481 3222 comprehendi
509 3157 638 3230 posse<
677 3133 775 3208 Haec
804 3160 890 3208 vero
919 3151 1038 3208 nostre

37 3232 229 3325 explicatio
246 3233 354 3302 nimis
378 3233 497 3304 ieiuna
519 3251 553 3307 et
576 3236 763 3308 macilenta
781 3253 843 3312 est.
894 3237 964 3310 Sed
983 3253 1039 3310 ta-

35 3357 138 3418 men,
155 3357 235 3402 cum
252 3359 327 3404 eam
344 3331 555 3430 typographi
569 3340 724 3426 ederent,
742 3363 818 3410 non
832 3341 1040 3434 repugnavi,
1193 3327 1355 3422 Accipies
1368 3327 1478 3418 igitur
1492 3349 1510 3394 a
1523 3348 1581 3394 me
1594 3317 1690 3392 hunc
1705 3321 1836 3391 librum
1853 3343 1894 3389 ²0
1909 3315 2087 3400 llbffllluts

37 3437 127 3532 qttia
162 3435 319 3504 fumassis
355 3431 440 3507 haec
465 3461 558 3508 nova
594 3439 704 3510 editio
730 3443 850 3536 plures
875 3445 920 3512 ad
948 3437 1039 3514 hanc
1093 3435 1174 3528 quia
1190 3433 1309 3504 fratris
1326 3428 1494 3523 patruelis
1512 3427 1548 3494 in
1567 3449 1607 3494 eo
1631 3425 1765 3492 mentio
1780 3421 1835 3504 fit,
1861 3419 1922 3513 qui
1945 3418 1973 3488 si
1990 3419 2089 3490 vive-

35 3537 230 3610 lectionem
249 3536 426 3612 invitabit.
1092 3549 1162 3620 ret,
1187 3536 1292 3606 etiam
1311 3529 1472 3602 hortator
1488 3543 1596 3612 esset,
1622 3539 1662 3596 ut
1682 3523 1867 3596 lectionem
1885 3519 2087 3604 Salomonis

1093 3637 1159 3709 tibi
1175 3633 1485 3707 familiarissimam
1506 3627 1649 3701 faceres.

142 3737 256 3812 &aaa
273 3756 411 3829 antem,
437 3767 501 3814 cur
516 3737 600 3816 hnic
614 3745 765 3817 editioni
786 3741 886 3820 tuum
906 3771 1039 3818 nomen
1191 3789 1246 3864 De
1267 3809 1345 3857 mea
1365 3807 1450 3854 vem
1473 3776 1696 3850 ‘nmatione
1718 3765 1811 3844 nihil
1834 3769 1932 3840 aliud
1958 3767 2087 3852 diem

34 3845 309 3964 adscripserim,
332 3867 407 3964 non
422 3839 661 3968 haectantum
681 3863 751 3934 est,
775 3850 977 3943 quoduscio,
1004 3864 1038 3918 te
1094 3893 1233 3964 nisime
1272 3892 1307 3960 ὴ
1324 3877 1652 3969 εωάἱοὴοωμη
1688 3873 1832 3948 „mni
1852 3871 1937 3944 libri
1958 3869 2089 3947 sintin

35 3973 78 4016 rn
95 3943 162 4066 hac
176 3968 309 4066 ingena
326 3960 512 4066 etvrrtutrs
526 3951 738 4068 praestantia
754 3951 909 4022 libenter
924 3951 1038 4070 lege-re
1093 3915 1497 4066 manibmpdistemium.
1524 3995 1559 4052 ep
1578 3929 1662 4052 (ω’
1682 3980 1727 4048 g,
1747 3971 1817 4046 hoe
1837 3974 1986 4068 guipso,
2010 3986 2087 4044 tum

34 4061 292 4166 “¹⁹¹‘nl'fm'm
305 4045 417 4168 {¹⁰35
428 4057 706 4137 ³⁶⁰¹⁰¹¹¹¹¹⁰¹¹⁰⁸3
732 4055 793 4122 ⁸‘d
809 4053 926 4173 5⁰:³¹¹?
942 4079 1038 4172 ‘imi’
1091 4103 1134 4169 de
1151 4096 1296 4168 caeteris
1312 4085 1400 4160 meis
1418 4035 1557 4180 scriptis
1571 4081 1749 4160 omnihus,
1775 4077 1948 4148 iudicium
1961 4071 2087 4146 Eccle-

30 4171 319 4323 aeu‘lu.
332 4154 1042 4346 uturuatusu’alul:
1174 4215 1208 4270 ει
1226 4193 1428 4314 aeas
1442 4186 1569 4260 ...m
1822 4200 1912 4298 oe
1925 4167 2114 4272 as..-

29 4351 151 4444 gensi,
176 4365 237 4470 tuo
253 4351 353 4420 fratri
367 4354 530 4443 patrueli,
547 4349 638 4426 hanc
654 4309 828 4426 ricentem
845 4279 1044 4428 caligtionem¹
1089 4288 1690 4476 Ἀἰξηιῖἷέῃῗᾞῗᾞιὸρῖῗὲη
1700 4274 1973 4474 33133ιῖζῖ
1975 4289 2094 4470 Ἓξ

30 4457 81 4524 ad
101 4467 290 4523 temrttere
309 4455 467 4541 decrevi,
491 4469 678 4527 utmnnus
695 4456 909 4530 illimissum
927 4459 965 4527 in
983 4459 1037 4528 fa·
1089 4427 1203 4577 mig·
1254 4501 1327 4572 Nec
1343 4519 1407 4586 03⁰
1423 4443 1521 4564 Μ
1542 4437 1859 4576 ’δρῃωᾏοςῃῑηη
1878 4431 2083 4572 amplector,

29 4555 140 4628 milia
164 4568 338 4634 maneret,
365 4555 404 4624 in
429 4579 499 4648 qua
522 4569 562 4626 ut
585 4580 723 4650 semper
742 4557 945 4630 Salomonis
968 4583 1035 4630 vox
1089 4607 1159 4677 nisi
1175 4607 1265 4674 Μ
1281 4603 1409 4693 ipsum,
1430 4593 1527 4688 quod
1543 4591 1687 4683 quidem
1702 4585 1773 4656 κὶα
1787 4605 1861 4654 aaa
1877 4593 2083 4674 perpetuam

29 4657 224 4774 ‘'Udini‘’
249 4669 324 4726 ¹⁰¹⁰
341 4670 597 4748 'mmmmm
617 4683 723 4778 quim
738 4659 882 4754 quidem
898 4685 1034 4732 ‘mma
1089 4703 1264 4779 Ecclesiae
1287 4697 1422 4771 Christi
1448 4715 1583 4764 vocem.
1641 4683 1738 4758 Bene
1762 4699 1796 4756 et
1822 4681 1972 4754 feliciter
1992 4681 2083 4756 vals.

29 4783 119 4830 cum
145 4769 273 4850 pretate
294 4753 375 4826 Dux
399 4751 576 4850 Magnus
601 4761 787 4847 audiebat,
818 4775 852 4834 et
882 4779 962 4834 curn
989 4765 1034 4832 ad
1090 4794 1417 4894 Amemus).

28 4857 130 4932 banc
147 4881 309 4928 normam
326 4859 472 4927 consilia
489 4860 625 4949 privata
648 4875 683 4932 et
697 4863 839 4955 publica
856 4865 1034 4956 dirigeret,

28 4963 173 5056 optime
195 4961 238 5028 de
263 4959 374 5052 patria
402 4961 549 5029 meritus
571 4975 643 5046 est,
674 4985 810 5034 summa
837 4967 1033 5037 reverentia

28 5061 338 5158 sapientissimum
367 5073 502 5153 patrem
535 5061 573 5130 in
601 5063 856 5152 gubernatione
884 5067 1032 5151 adiuvit,

24 5163 214 5238 Ecclesiae
227 5159 361 5232 curavit
382 5175 474 5232 recte
493 5163 647 5244 erudiri,
673 5179 708 5236 et
723 5177 839 5236 custos
860 5168 928 5238 fuit
945 5169 1031 5238 dua·
1120 5175 1147 5244 ⁵)
1166 5175 1194 5230 ¹⁰
1213 5175 1287 5248 Ore·
1306 5173 1352 5228 δὴ
1368 5170 1468 5224 inserta
1487 5181 1539 5219 '⁰¹
1558 5163 1642 5214 ⁶⁶⁸⁰·

23 5293 116 5343 rum
135 5263 353 5356 optimarum
368 5285 498 5346 renam,
525 5265 687 5356 puritatis
701 5267 884 5338 doctrinae
897 5283 931 5339 et
947 5291 1034 5341 con·
1120 5279 1149 5348 t)
1167 5276 1198 5332 tn
1215 5275 1294 5348 Ora·
1313 5274 1396 5330 anno
1413 5263 1570 5322 ΜΛΝ·
1708 5337 1716 5354 ,

20 5371 179 5446 caratiae
201 5365 422 5452 dementium
456 5366 545 5436 fovit
568 5367 683 5438 studia
708 5367 912 5454 literarum,
943 5363 1034 5464 quae
1591 5343 1624 5399 T.
1643 5339 1776 5396 mm
1790 5399 1928 5458 ,aarum

16 5503 67 5548 ω
85 5469 208 5558 magis
222 5469 381 5552 amabat,
407 5465 489 5562 quia
511 5469 689 5562 praeclue
709 5471 868 5543 enrditus
882 5483 974 5560 erat,
998 5485 1032 5546 et
1484 5557 1533 5634 ⁴6
1546 5555 1566 5596 ι
1696 5471 1839 5548 estttppa·
1857 5464 2027 5524 natones.

1192 2263 1242 2338 Et
1257 2267 1339 2359 qnia
1354 2263 1451 2335 Dens
1467 2263 1605 2356 aliquos
1626 2263 1663 2330 in
1681 2255 1745 2331 hac
1761 2259 1886 2330 militia
1905 2254 2012 2326 huirrs
2034 2259 2088 2324 ri-

1094 2383 1149 2438 tae
1166 2369 1245 2438 vult
1268 2389 1341 2437 esse
1364 2363 1584 2458 superstites,
1610 2385 1751 2434 oremus
1775 2362 1888 2431 lilium
1913 2357 1998 2438 Dei,
2025 2383 2089 2428 cu-

1094 2471 1228 2540 stodem
1250 2463 1428 2542 Ecclesiae
1453 2489 1555 2550 snae,
1576 2463 1772 2537 Dominum
1791 2477 1951 2532 nostrum
1974 2457 2089 2531 lesum

1093 2565 1295 2658 Christum,
1325 2581 1365 2642 ut
1397 2569 1472 2664 ipse
1506 2591 1573 2639 nos
1603 2568 1792 2657 gubernet,
1825 2577 1860 2634 et
1890 2562 1996 2632 faciat
2021 2583 2088 2630 nos

1094 2666 1204 2768 σκεύη
1222 2667 1342 2754 ἐλέους
1357 2689 1390 2742 et
1411 2693 1542 2760 organa
1568 2667 1754 2750 salutaria,
1778 2679 1813 2738 et
1834 2677 1948 2736 servet
1964 2657 2088 2734 Eccle-

1093 2778 1162 2846 sias
1176 2791 1210 2846 et
1224 2797 1346 2846 earum
1361 2769 1526 2866 hospitia.
1577 2767 1810 2840 Verissimum
1826 2781 1877 2838 est
1891 2766 1999 2849 enim,
2024 2757 2088 2836 has

1093 2901 1148 2948 res
1162 2889 1278 2950 tantas
1300 2899 1375 2946 nun
1397 2873 1530 2945 servari
1553 2893 1655 2966 posse
1679 2869 1752 2940 sola
1776 2863 1930 2942 humana
1949 2866 2088 2958 sapien-

1094 2981 1157 3050 tia:
1184 2980 1246 3048 sed
1261 2979 1356 3048 lilius
1370 2975 1458 3061 Dei,
1484 2975 1610 3046 sedens
1630 2973 1674 3044 ad
1692 2974 1850 3042 dextram
1871 2967 2003 3040 aeterni
2020 2965 2088 3038 Pa-

1091 3081 1175 3163 tris,
1201 3081 1374 3150 immensa
1391 3077 1549 3148 bonitate
1564 3099 1646 3146 suos
1663 3085 1803 3153 coetus,¹
1824 3095 1923 3142 suam
1945 3064 2087 3140 heredi-

1092 3197 1216 3268 tatem,
1241 3195 1370 3267 tuetur.

1603 4869 1792 4980 Philippus
1807 4879 2030 4957 Melanthum
