4614 6226
51 391 58 404 ,
87 317 147 392 lte

85 487 139 559 No.
153 479 253 558 last.

91 583 274 616 m

322 677 475 768 Iooclt.
503 679 781 768 Conterorio.
860 683 861 687 ‘

135 837 211 909 Epist.
223 835 255 891 ad
268 833 374 892 Camer.
394 855 421 908 p.
434 837 497 892 616.
516 837 569 906 (ed.
582 837 671 894 Lond.
686 836 734 894 lib.
747 835 797 894 lV.
812 855 853 911 ep.
867 835 951 908 767.).

881 490 939 556 28.
960 485 1048 554 lllati.

81 991 216 1066 Glorior.
248 991 324 1066 rire
363 990 568 1066 eruditione
608 1003 641 1066 et
680 993 809 1068 virtute
838 996 1050 1092 praestanti

78 1089 300 1166 lonchimo
324 1089 602 1170 Camerario
619 1096 1049 1196 srotrisuocorissimo,

79 1235 115 1320 S.
136 1247 176 1322 D.
231 1247 428 1320 Meministi
458 1251 631 1342 picturam
661 1251 699 1320 in
726 1252 822 1320 curia
848 1248 1047 1320 Norinber·

78 1350 175 1440 gensi,
206 1350 243 1420 in
266 1375 334 1444 qua
356 1351 531 1442 corcagia
553 1353 593 1421 in
612 1375 722 1422 manu
742 1351 809 1424 Dei
833 1353 967 1443 pictum
986 1365 1047 1437 est,

77 1465 103 1521 et
128 1474 219 1542 spero
241 1447 356 1522 Deum
388 1453 589 1548 aliquorum
620 1453 822 1546 principum
846 1454 1046 1525 voluntates

76 1557 108 1622 ad
123 1550 284 1624 Ecclesiae
309 1554 482 1624 invandas
497 1557 752 1626 inclinaturum
771 1579 861 1639 esse,
887 1569 920 1626 et
935 1569 974 1625 ut
989 1581 1045 1626 re-

75 1668 119 1743 gat
135 1671 246 1747 pectus
270 1671 304 1727 et
323 1657 469 1726 consilia
484 1655 594 1727 Ducis
608 1651 869 1750 Ligoiceosis,
894 1671 977 1728 vota
991 1658 1045 1726 la-

75 1757 127 1830 rio.
179 1761 233 1827 Ad
255 1753 458 1854 Sneppium
483 1760 606 1852 scripsi
631 1762 675 1830 de
700 1783 739 1828 ea
771 1759 967 1852 ἐπισκοπῇ,
1005 1785 1044 1828 ac

74 1872 137 1948 post
148 1853 281 1928 Sabini
302 1861 438 1929 abitum
456 1861 499 1929 ad
517 1873 551 1929 te
566 1861 782 1952 proficiscar,
804 1873 844 1931 ut
859 1861 902 1930 de
919 1874 990 1930 tota
1007 1885 1045 1930 re

73 1961 306 2053 colloquamur.
363 1957 417 2030 De
443 1957 583 2030 Sabini
612 1963 682 2038 filia
704 1963 797 2033 flecti
818 1961 896 2030 avia
917 1975 1044 2056 potest,

73 2061 159 2150 ipsam
183 2063 342 2156 puellam
369 2065 548 2154 quomodo
575 2065 752 2133 inflectere
764 2063 948 2155 ¹possimus
970 2087 1064 2140 uon:

73 2163 163 2238 rideo.
209 2159 292 2256 Ego
315 2158 408 2232 nihil
422 2167 604 2255 pugnabo,
629 2166 766 2236 etiamsi
779 2187 907 2254 magno
922 2165 960 2236 in
977 2150 1064 2235 do-i

73 2263 127 2334 lore
145 2288 230 2340 sum.
288 2262 359 2336 Sed
376 2261 492 2334 Deum
508 2290 576 2336 oro
600 2279 689 2337 utet
705 2268 913 2338 domesticas
927 2281 962 2338 et
978 2291 1044 2360 pu-

79 2363 155 2436 blicas
169 2367 331 2440 miserias
346 2367 450 2438 nobis
470 2369 592 2442 leniat.
629 2367 727 2438 Bene
743 2370 840 2454 vale,
865 2369 927 2444 28.
942 2367 1044 2442 Maii.

616 2467 749 2565 Philip.
765 2465 944 2548 Melanth.

71 2895 263 3043 Q

268 3101 491 3206 Alberto,
520 3103 647 3192 Doet'
662 3103 815 3194 Paos.

118 3275 188 3334 Edita
203 3297 234 3336 ea
248 3280 425 3355 autographo
438 3301 454 3338 a
468 3283 559 3338 Fabro
573 3283 601 3337 in
616 3281 695 3357 epist.
711 3301 739 3356 p.
755 3283 814 3341 158.
832 3303 876 3357 ep·
889 3283 932 3340 ta

244 3449 459 3543 Alberto,
490 3451 597 3528 Duri
618 3451 827 3532 Borussioe

59 3597 97 3687 S.
107 3609 148 3692 D.
182 3615 368 3694 illustriss.
382 3631 416 3690 et
430 3619 640 3696 clementior.
650 3619 837 3716 Princeps,
850 3619 917 3692 Dei
933 3621 1042 3694 bena-

58 3713 124 3787 bcio
145 3713 276 3790 barum
300 3721 485 3812 regionum
508 3723 669 3794 nondum
691 3725 765 3796 ulla
784 3726 932 3798 mutatio
950 3719 1050 3797 iacta'

58 3833 109 3892 tsl.
154 3817 203 3893 Et
225 3847 296 3892 vox
319 3823 501 3896 doctrinae
523 3827 645 3896 eadem
669 3841 738 3912 est,
767 3851 857 3922 quae
879 3840 982 3897 sonat
1001 3827 1040 3896 in

56 3911 212 3993 Ecclesiis
228 3921 322 3998 Cels.
339 3950 373 3999 v.
414 3923 518 3998 Libri
535 3927 640 3997 etiam
657 3928 764 3998 iidem
779 3929 955 4014 eduntur,
978 3930 1041 4024 qui

56 4035 145 4094 antea
167 4023 322 4096 maxime
338 4025 479 4120 probati
494 4029 657 4116 luerunt,
683 4043 723 4100 ut
741 4029 899 4102 iudicare
912 4029 1043 4123 poterit

55 4115 135 4200 Cels.
156 4151 191 4201 v.
213 4121 285 4200 bac
308 4127 467 4200 edition!
485 4153 576 4226 quae
592 4127 807 4203 Celsitudini
827 4144 962 4202 vesuae
983 4131 1042 4202 in-

54 4225 171 4318 scripta
195 4243 261 4303 est.
312 4225 386 4300 Nec
408 4233 625 4304 mutabimus
648 4257 770 4305 vocem
787 4233 969 4306 doctrinae
983 4259 1043 4306 so-

53 4339 188 4400 nantem
197 4330 246 4400 'in
259 4323 427 4402 Ecclesiis
440 4331 531 4408 Cels.
544 4359 579 4404 v.
591 4359 761 4430 unquam.
793 4331 933 4407 Scimus
946 4335 1041 4406 enim

53 4417 137 4499 banc
158 4431 273 4503 solam
296 4433 496 4506 doctrinam
518 4459 612 4524 esse,
643 4459 764 4508 veram
782 4449 817 4509 et
834 4449 1042 4532 perpetuam

50 4517 224 4603 Ecclesiae
242 4531 301 4603 dei
316 4559 452 4612 vocem.

146 4645 270 4722 Vidua
284 4643 464 4740 Lutheri,
489 4670 650 4727 matrona
664 4649 911 4729 honestissima
928 4657 1042 4730 filium

49 4737 259 4821 iohannem
277 4747 492 4828 celsitudini
511 4771 648 4830 vestrae
670 4757 802 4846 mittit,
826 4772 862 4831 et
879 4774 975 4846 orat,
1001 4774 1045 4862 ut

50 4845 261 4925 liberalitate
276 4852 368 4931 Cels.
385 4883 419 4929 v.
435 4857 551 4930 studia
568 4859 643 4932 eius
659 4859 857 4938 foveantur.
905 4859 1042 4934 Natura

48 4944 233 5024 lobannis
249 4958 293 5026 ad
309 4958 476 5029 virtutem
491 4961 627 5050 egregia
645 4975 712 5045 est,
737 4961 890 5054 integer,
916 4965 1041 5032 mode-

49 5063 137 5138 um,
170 5079 298 5140 verax,
328 5073 444 5132 castus
458 5075 528 5147 est,
553 5063 646 5131 valet
660 5062 803 5152 ingenio
816 5077 851 5134 et
864 5061 1041 5137 tanneia.

46 5145 93 5222 Et
112 5178 245 5248 corpus
266 5173 317 5232 est
339 5161 432 5253 agile
447 5187 489 5234 ac
501 5163 604 5234 labor
620 5163 776 5254 patiens,
799 5187 839 5234 ac
854 5165 885 5236 si
900 5187 1039 5234 exerce-

46 5249 143 5326 bitur
166 5258 207 5326 in
227 5261 306 5332 aula
325 5261 418 5336 Cels.
434 5289 468 5334 v.
484 5287 588 5358 spero
613 5265 689 5334 eius
710 5264 886 5336 industria
910 5289 1041 5356 magno

45 5357 125 5428 tuni
149 5358 229 5431 iore
244 5363 295 5433 rei
314 5365 488 5458 publicae.
538 5365 639 5437 Talis
653 5385 733 5438 cum
748 5366 823 5457 ipse
837 5365 1041 5436 adolescens

44 5453 105 5545 sit,
138 5483 209 5532 oro
229 5481 431 5540 reverenter
451 5481 491 5542 ut
511 5465 603 5542 Cels.
626 5463 749 5544 abac
773 5467 982 5538 benclidum
1005 5481 1042 5541 et

638 305 1080 388 EPISTOLARUM
1131 307 1328 430 [olibxl.
1381 307 1516 386 tata.

2010 297 2088 372 410

1091 483 1280 560 memoriae
1309 479 1438 572 patris,
1481 467 1519 550 et
1540 477 1662 550 virtuti
1687 474 1917 548 adolescentis
1938 472 2085 556 tribuat,

1090 599 1130 656 ut
1152 584 1228 654 eius
1251 584 1368 654 studia
1384 583 1573 652 clementer
1588 581 1714 652 foveat.
1764 575 1867 670 Cepit
1882 575 2006 648 audire
2023 569 2083 642 lu-

1090 687 1339 772 risconsultos,
1365 697 1401 754 et
1421 685 1557 754 adeam
1575 679 1773 754 doctrinam
1783 693 1915 750 vnatura
1932 677 2082 745 idoneus

1090 801 1152 861 est.
1210 785 1328 857 Mater
1351 811 1426 856 non
1450 786 1609 864 dubitat,
1650 797 1832 876 paternam
1860 779 2081 849 voluntatem

1089 887 1318 960 Celsitudinis
1342 903 1476 960 vestrae
1494 909 1573 976 erga
1591 885 1704 978 ipsum
1720 885 1807 954 lore.
1858 877 1984 950 Vestra
1998 875 2083 948 Cel-

1089 992 1206 1062 situdo
1236 992 1310 1061 sola
1342 990 1412 1060 iam
1439 991 1532 1058 inter
1554 987 1753 1077 germaniae
1777 982 1955 1078 principes
1978 993 2083 1051 ornat

1088 1094 1271 1166 literarum
1302 1093 1418 1164 studia
1446 1091 1579 1180 insigni
1605 1087 1864 1172 munificentia,
1894 1097 1929 1156 et
1956 1083 2082 1178 prebet

1089 1189 1283 1288 hospitium
1298 1191 1467 1266 Ecclesiis
1487 1191 1726 1274 commodius,
1758 1212 1865 1284 quam
1884 1185 1959 1260 alii.
2010 1181 2082 1252 Pro

1090 1291 1146 1367 his
1171 1297 1351 1370 beneficiis
1377 1295 1547 1389 publicis,
1580 1295 1666 1364 deus
1692 1291 1846 1362 vicissim
1868 1285 2082 1360 Celsitudini

1089 1413 1223 1470 vestrae
1255 1400 1346 1468 bene
1377 1399 1492 1470 faciet.
1548 1391 1598 1466 Et
1623 1395 1798 1488 patienter
1821 1391 1911 1462 ierat
1933 1385 2025 1461 Cels.
2046 1411 2082 1460 u.

1088 1503 1183 1594 quod
1199 1501 1304 1570 multi
1320 1502 1363 1570 ad
1385 1524 1462 1574 eam
1478 1498 1698 1590 confugiunt.

1190 1631 1359 1706 Sabinus
1397 1633 1593 1726 gratissima
1635 1627 1875 1723 predicatione
1909 1623 2080 1696 beneficia

1087 1735 1185 1808 Cels.
1196 1765 1232 1808 v.
1248 1749 1510 1809 commemorat.
1568 1729 1616 1804 Et
1635 1734 1747 1828 stylos
1769 1730 1844 1800 eius
1865 1750 1994 1818 magno
2020 1749 2080 1794 or-

1088 1855 1254 1912 namento
1269 1853 1320 1910 est
1336 1839 1546 1930 germaniae,
1573 1850 1609 1906 et
1624 1849 1674 1906 eat
1688 1833 1787 1904 utilis
1801 1825 1953 1903 scholae.
1994 1825 2079 1897 ldeo

1087 1939 1300 2012 Celsitudini
1324 1967 1357 2010 v.
1379 1965 1460 2014 eum
1476 1952 1677 2008 reverenter
1690 1933 1912 2010 commendo.
1963 1924 2015 1999 Ac
2031 1927 2080 1998 si-

1087 2045 1163 2114 mul
1181 2045 1256 2115 eius
1275 2045 1365 2114 filias
1382 2056 1415 2114 et
1432 2042 1555 2114 lilium.
1604 2037 1697 2108 Nam
1711 2034 1803 2108 Cels.
1819 2059 1855 2108 v.
1870 2031 2081 2125 praecipuus

1086 2158 1185 2215 tutor
1198 2162 1259 2216 cst.

1186 2277 1302 2352 Curae
1327 2275 1418 2350 mibi
1441 2279 1526 2360 erit,
1549 2291 1590 2348 ut
1606 2272 1877 2347 Academiarum
1896 2269 1935 2337 in
1950 2260 2007 2336 his
2022 2289 2078 2334 re-

1086 2381 1251 2472 gionibus
1275 2405 1484 2452 consensum
1510 2403 1589 2452 cum
1610 2375 1801 2452 Academia
1822 2369 1914 2466 Cels.
1931 2395 1965 2442 v.
1980 2381 2080 2441 tuea-

1088 2508 1186 2568 mur,
1214 2507 1365 2579 quarum
1381 2483 1542 2552 omnium
1559 2503 1655 2550 nunc
1671 2479 1818 2574 quidem
1834 2475 1893 2544 dei
1908 2469 2081 2544 beneficio

1086 2611 1154 2656 vox
1171 2587 1351 2656 doctrinae
1368 2587 1488 2656 eadem
1504 2596 1567 2656 est.

1187 2719 1301 2794 Filius
1315 2720 1382 2793 Dei
1403 2719 1572 2791 dominus
1589 2729 1710 2788 noster
1724 2711 1822 2784 lesu·
1837 2705 1999 2786 Christus
2012 2727 2079 2796 gu-

1085 2825 1209 2896 bernet
1232 2838 1268 2894 et
1292 2837 1404 2896 servet
1429 2820 1521 2894 Cels.
1541 2847 1575 2895 v.
1598 2819 1827 2890 incolumem.
1882 2809 1995 2885 Datae
2020 2808 2079 2877 die

864 2908 1040 3030 Q
1084 2922 1145 2996 25.
1159 2924 1247 2996 Maii
1263 2917 1313 3021 ⁴).

1448 3021 1661 3096 celsitudini
1686 3047 1720 3093 v.

1732 3119 1894 3199 addictus

1594 3221 1784 3320 Philippus
1802 3209 2028 3292 Melanthea.

1085 3410 1303 3430 -a-——duo

1116 3519 1146 3594 t)
1166 3513 1795 3675 ‘idib'iriuditiiiikiliirrbiidrtbitbubobr,
1814 3594 1936 3665 Sobora,
1955 3592 2081 3663 suntote

1151 3695 1206 3750 brot
1224 3693 1352 3763 bonone,
1382 3693 1410 3748 lo
1434 3691 1494 3760 nort
1515 3687 1641 3758 beletro,
1671 3683 1757 3749 octobr
1775 3686 1822 3738 bot
1839 3681 1897 3751 ott.
1912 3679 2002 3744 tlubto
2019 3681 2079 3746 oute

1152 3778 1275 3846 tenebre·
1316 3780 1396 3836 Belle
1417 3780 1469 3847 tot
1493 3775 1559 3842 olcbt
1575 3771 1812 3846 oorrttattfloab
1828 3777 1882 3827 rot
1899 3765 2079 3836 oalbbbrom

1151 3865 1258 3930 btotro
1273 3863 1435 3934 guattero.
1540 3878 1545 3886 ¹

1186 3947 1243 4010 Det
1261 3951 1334 4014 little
1351 3949 1382 4006 d.
1394 3947 1423 4004 d.
1443 3947 1606 4018 Btttrotrro
1622 3957 1683 4005 rou
1699 3941 1860 4014 [9111111111
1875 3937 2011 4007 estant
2028 3937 2079 4006 teta

1170 4041 1246 4094 rubeo
1264 4035 1380 4106 Sabell:

1151 4051 1167 4108 fl
1186 4123 1238 4179 611
1255 4122 1340 4191 tlogt,
1364 4121 1413 4184 tot
1432 4121 1462 4186 tle
1479 4117 1597 4186 obterat
1614 4117 1658 4173 bet
1676 4115 1773 4184 trtlgm
1787 4109 1895 4180 saroa
1912 4108 1997 4179 tttbrt
2008 4109 2078 4166 tim:

1152 4207 1251 4272 nollo
1268 4221 1318 4266 tro
1336 4207 1406 4274 ibero
1425 4219 1529 4274 omre,
1552 4201 1716 4268 tonitura
1729 4203 1784 4256 ort
1803 4199 1945 4265 tabentes
1964 4196 2079 4264 otton,

1153 4294 1197 4364 tob
1215 4299 1264 4351 ortt
1280 4294 1351 4360 bren
1365 4293 1482 4348 atatem
1500 4289 1622 4352 arthur
1641 4289 1692 4341 uot
1707 4281 1871 4348 rearmatur
1885 4281 1989 4348 mtto.
2025 4281 2081 4348 ttut

1150 4383 1199 4440 tot
1217 4380 1288 4442 11111)
1306 4381 1351 4436 bet
1374 4379 1462 4446 boto
1486 4373 1605 4441 ‘totttort
1627 4371 1682 4430 aab
1705 4369 1753 4437 out
1777 4369 1902 4438 aaran
1924 4369 1967 4424 tot
1991 4365 2078 4434 baro

1153 4465 1192 4523 θ.
1211 4463 1328 4534 eoem,
1352 4464 1399 4520 mle
1417 4465 1516 4530 marlot
1533 4461 1576 4512 brt
1597 4457 1693 4523 burro
1712 4453 1783 4520 tbrto
1801 4452 1916 4510 &blera
1935 4451 1992 4520 lta,
2014 4451 2080 4516 bote

1153 4555 1186 4622 te
1207 4551 1278 4619 ibero
1301 4549 1403 4613 tltrtteo
1421 4547 1501 4611 &obn
1520 4545 1596 4608 bort
1620 4557 1655 4608 oo
1680 4539 1724 4606 tto
1748 4537 1914 4609 otortrutort
1931 4541 1982 4594 mo
2000 4537 2080 4595 loon

1152 4635 1197 4704 fiir
1213 4636 1261 4690 bat
1277 4631 1399 4690 metesa
1417 4631 1460 4683 brt
1477 4629 1607 4696 bergom,
1629 4623 1676 4694 lb·
1694 4621 1755 4690 aad
1771 4623 1826 4680 etat
1842 4623 1959 4690 Stltloog
1976 4621 2015 4678 tol
2031 4623 2079 4678 bt!
2139 4679 2141 4686 ,

1153 4721 1263 4782 Θ1111111
1281 4729 1311 4786 to
1330 4714 1501 4779 uatubottro.

1185 4805 1255 4861 nell
1271 4805 1325 4857 ttrt
1343 4799 1403 4855 stre
1421 4798 1488 4866 tout
1505 4793 1616 4858 &short
1633 4793 1692 4858 telle
1708 4791 1809 4859 ttrrlle
1824 4790 1874 4860 tro,
1892 4791 1975 4848 lonlt
1992 4807 2018 4850 te
2035 4809 2080 4852 aa·

1153 4893 1201 4948 tro
1224 4891 1306 4958 telasa
1332 4885 1442 4944 &testis
1467 4883 1511 4950 tot
1536 4898 1612 4952 ogra
1637 4881 1675 4938 lte
1694 4879 1765 4938 teuto
1787 4893 1820 4947 ro
1843 4876 1976 4940 mastos
1997 4881 2079 4951 uror,

1151 4978 1226 5034 utto
1250 4975 1298 5043 tr,
1329 4973 1372 5028 ter
1394 4971 1491 5040 bertoo
1515 4971 1587 5037 otor
1610 4965 1657 5034 tto
1681 4963 1747 5028 attat
1767 4977 1819 5020 aot
1839 4975 1885 5020 rm
1907 4963 1977 5030 ltus
1996 4967 2079 5024 lttbttt

1150 5061 1299 5133 ,malloo
1317 5059 1400 5124 brun
1426 5057 1528 5124 otton,
1561 5054 1587 5108 to
1610 5053 1691 5116 tetam
1709 5048 1833 5120 protos·
1853 5045 1944 5122 §stoa
1960 5050 2080 5122 mata,

1152 5145 1256 5216 lentem
1274 5145 1327 5212 11111
1345 5140 1405 5206 onst
1423 5155 1454 5210 to
1475 5139 1586 5195 dorem
1605 5135 1708 5204 baltea,
1733 5145 1810 5190 otoo
1830 5149 1857 5191 rr
1873 5133 1918 5204 Μ
1933 5137 1962 5194 to
1979 5139 2022 5195 tre
2038 5151 2080 5194 tt·

1152 5232 1203 5300 tto
1221 5233 1277 5294 ttett
1297 5229 1365 5298 olstt
1386 5229 1416 5288 tt
1436 5227 1512 5284 rtem
1528 5221 1592 5290 resbt
1612 5218 1725 5292 lsbldllsb
1742 5219 1881 5292 gemb·
1899 5235 1932 5294 gt
1948 5220 2082 5293 mttttra

1151 5319 1236 5384 ollttr
1252 5329 1286 5374 ts.

1185 5401 1243 5462 oo
1259 5402 1345 5471 rotato
1361 5396 1441 5466 firtel
1455 5393 1522 5452 dd.
1532 5391 1695 5463 mantnt
1705 5389 1756 5462 eal
1765 5390 1874 5465 §aaut
1886 5393 1964 5457 1161.
1980 5393 2013 5464 tt
2028 5395 2080 5464 tuto

1152 5487 1397 5563 omasum
