4614 6226
208 337 285 416 ost

213 504 506 598 significationem
526 513 670 572 nostrae
691 497 882 580 amicitiae,
907 499 1044 592 tibique
1065 494 1212 588 gratiam

214 605 342 686 habeo.
376 603 491 676 ‘Bene
507 605 596 678 vale.
636 599 693 672 16.
709 596 845 694 Aprilis
854 593 904 696 ⁶).

828 697 924 776 Phil.
940 693 1162 770 Melanthon.
1226 777 1230 794 Ι

227 1107 297 1183 Νο.
310 1103 422 1180 4518.

221 1205 435 1244 m

621 1291 803 1378 Eidem.

313 1446 398 1523 Epist.
413 1447 461 1506 lib.
477 1449 512 1503 ll.
531 1467 558 1521 p.
572 1445 624 1502 101
639 1467 681 1522 aq.

243 1603 447 1704 Georgia
471 1599 722 1692 Fabricio,
753 1602 983 1700 gubernanti
1009 1597 1189 1676 Scholom

603 1703 853 1795 Misnenscm,

217 1839 267 1929 S·
293 1855 338 1930 D.
388 1851 604 1926 Adolescens
620 1849 1019 1948 Schoenhergius'reote
1036 1877 1216 1924 commen-

217 1959 295 2027 dari
328 1959 459 2048 poterit
484 1958 540 2026 vel
574 1951 699 2027 Panlo
725 1955 870 2038 Ebcro,
906 1958 963 2025 vel
986 1958 1061 2024 eins
1088 1957 1216 2041 vicino,

216 2053 705 2152 MaiihosoPlochingero,
739 2061 816 2128 viro
850 2061 970 2144 docto,
1004 2073 1038 2128 et
1068 2071 1216 2150 uterquc

219 2163 438 2232 convictores
453 2157 559 2230 habet
575 2157 752 2235 honestos.
794 2157 847 2230 Ac
868 2161 954 2245 scis,
981 2159 1217 2229 adolescenti-

217 2267 284 2335 bus
306 2285 396 2356 opus
419 2285 492 2331 esse
516 2261 671 2332 assiduis
683 2263 939 2354 inspectoribus
959 2263 1158 2333 studiorum
1183 2273 1219 2330 et

219 2391 373 2436 morum.
424 2361 488 2433 Me
501 2378 617 2434 autem
635 2389 697 2436 seu
712 2366 781 2434 iata
796 2389 857 2434 seu
872 2377 964 2436 astra
981 2375 1113 2452 cogunt
1127 2387 1217 2454 pene

220 2491 389 2538 erronum
419 2467 526 2535 modo
550 2465 678 2536 vivere.
739 2465 811 2537 Nec
836 2489 918 2536 raro
942 2489 1084 2558 gemens
1107 2466 1216 2536 recito

218 2593 358 2639 versum
374 2565 620 2638 Homericum:

260 2693 495 2779 πλανητοσῦνης
516 2691 544 2759 d'
567 2689 625 2760 oria
646 2691 710 2758 ioal
730 2689 906 2778 κακώτερον
927 2691 1005 2760 dato
1025 2699 1195 2780 domnion.

218 2815 272 2888 De
299 2813 339 2887 V
337 2814 383 2884 iti
402 2815 613 2905 migratione
643 2813 681 2896 in
701 2813 930 2886 Academiam
959 2817 1145 2888 coelestem
1172 2817 1217 2884 ad

220 2944 276 2988 me
291 2917 431 3010 scripsit
448 2917 522 2986 eius
535 2915 695 3005 Collega,
721 2931 909 3012 antequam
932 2917 1049 3010 accepi
1072 2934 1150 2988 tuas
1172 2917 1218 2985 li-

220 3035 324 3092 teras.
375 3017 479 3088 Nunc
504 3019 664 3110 occupati
689 3042 809 3087 sumus
833 3021 988 3090 editione
1003 3019 1107 3112 primi
1128 3015 1221 3088 libri

221 3115 433 3191 Ptolomaei
444 3112 606 3218 μεγάλης
622 3113 829 3200 συντάξεως
845 3135 878 3192 et
902 3122 982 3192 aliis
1004 3121 1216 3215 quibusdam

221 3221 449 3294 editionibus.
501 3217 567 3292 His
586 3221 756 3292 absolutis
772 3215 968 3318 ἐπιτάφιον
987 3218 1101 3322 λόγον
1121 3214 1217 3294 Cro-

222 3323 340 3420 oigcro
362 3323 533 3408 scribam,
560 3324 598 3392 in
615 3349 685 3416 quo
701 3324 805 3393 etiam
822 3326 964 3416 graviss.
981 3326 1056 3396 eius
1074 3340 1218 3396 senten-

222 3429 288 3498 tias
309 3427 354 3496 de
377 3426 600 3516 dogmatibus
622 3427 789 3500 recitabo.
843 3425 898 3498 lbi
914 3439 948 3496 et
968 3423 1054 3500 Viti
1067 3429 1219 3496 mentio-

222 3554 303 3598 nem
327 3527 462 3597 iaciam.
515 3525 568 3596 De
591 3521 833 3619 Epithalamio
855 3533 900 3598 ad
926 3543 960 3600 te
983 3524 1058 3598 heri
1085 3529 1220 3620 scripsi,

223 3654 263 3700 ac
284 3651 406 3700 rursus
429 3652 494 3718 ago
518 3629 664 3719 gratias,
691 3634 784 3724 quod
802 3645 962 3702 amanter
977 3656 1032 3700 me
1050 3643 1105 3700 tot
1119 3655 1220 3726 prae-

222 3729 396 3801 stantibus
414 3731 499 3798 viris
511 3731 726 3830 adiumnti,
751 3757 839 3825 quos
853 3757 983 3828 sequor
998 3747 1039 3802 ut
1053 3733 1113 3804 ille
1126 3733 1218 3826 apnd

222 3831 434 3912 Platonem,
453 3832 568 3901 iturus
584 3833 627 3900 ad
645 3833 846 3902 convivium
864 3860 944 3904 cum
960 3833 1123 3920 Socrate,
1140 3849 1221 3904 tan-

225 3955 330 4026 quam
346 3933 483 4005 umbra.
503 3927 552 4002 Et
568 3956 649 4001 vere
664 3957 741 4002 sum
761 3933 943 4026 aliquanto
959 3937 1096 4022 minus,
1113 3961 1219 4032 quam

226 4034 372 4118 umbra,
408 4033 481 4102 imo
509 4035 614 4113 σκιᾶς
635 4031 793 4126 ὄνειρος,
829 4050 869 4105 ut
893 4035 1070 4108 Pindarus
1091 4039 1220 4130 inquit.

226 4131 384 4204 Oremus
399 4148 516 4203 autem
535 4131 666 4205 Filium
679 4131 768 4220 Dei,
794 4149 834 4205 ut
852 4161 916 4206 nos
932 4153 1044 4227 regat,
1070 4155 1104 4210 et
1118 4141 1222 4208 iaciat

154 4303 161 4314 ,
226 4260 291 4306 nos
314 4227 425 4330 σκεύη
447 4229 577 4316 stione.
638 4233 735 4305 Bene
761 4237 847 4308 vale.
910 4237 1221 4314 annotatam

223 4333 412 4424 Paschate,
438 4342 532 4432 quod
551 4351 602 4408 est
618 4363 636 4408 a
654 4340 769 4431 primo
786 4336 972 4425 l’aschate,
998 4345 1091 4433 qtrttd
1113 4343 1223 4412 lame-

226 4439 308 4510 litae
331 4465 372 4510 ex
393 4435 552 4534 Aegypto
572 4441 813 4527 celebrarunt,
839 4439 973 4514 Pascha
990 4441 1102 4518 5058.
1156 4441 1223 4513 fll-

227 4539 314 4612 bino
331 4555 364 4613 et
377 4539 532 4632 Collegis
549 4545 619 4615 tuis
638 4545 784 4614 salutem
802 4559 898 4637 opto.

348 4731 429 4740 ..υ-.-

298 4817 412 4874 Fabricii
428 4817 636 4874 Chemniceasia
651 4829 807 4888 poematum
822 4801 968 4876 sacrorum
981 4819 1041 4874 libri
1059 4821 1119 4877 XV.
1146 4823 1224 4876 ttsstt.

227 4941 232 4948 ,
294 4888 428 5026 36⁵2ae
453 4910 478 4964 p.
498 4889 549 4943 576
571 4887 654 4961 sqq.’¹
696 4887 737 4942 lbi
758 4890 789 4941 de
811 4887 987 4943 Melanthonc
1006 4891 1072 4948 baec
1090 4891 1226 4946 habentor

333 5039 397 5094 Esse
411 5041 488 5096 decet
503 5051 586 5095 castas
600 5009 707 5108 taedia,
728 5057 795 5112 quaa
809 5042 865 5111 ipae
878 5041 1043 5096 Melanthea

369 5107 430 5162 Non
445 5111 603 5172 dedignatos
617 5109 766 5165 conciliare
781 5110 839 5168 luit.

334 5177 397 5230 Erae
410 5179 485 5234 decet
498 5179 632 5248 placidas,
649 5197 765 5251 quarum
780 5189 820 5233 eat
833 5181 1014 5238 Camerarius
1026 5191 1136 5238 auctor:

367 5245 430 5298 Esse
444 5247 513 5318 pias,
532 5247 641 5318 quando
653 5257 694 5302 est
706 5247 753 5304 bic
768 5250 808 5302 rir
821 5259 934 5323 uterque
948 5249 1019 5323 pius.

260 5345 292 5415 h)
311 5343 406 5415 Quum
419 5345 580 5400 Melanthea
600 5345 658 5468 in¹c
678 5367 753 5418 .aeq.
767 5348 838 5404 banc
852 5349 980 5422 scriptam
994 5351 1066 5406 dicat
1078 5354 1154 5433 heri,
1172 5371 1223 5408 ne·

295 5431 370 5536 pesse
389 5423 447 5536 38,
465 5431 610 5468 ntamerom
675 5435 740 5472 ‚asae
760 5435 899 5488 errorem,
918 5427 945 5472 et
961 5417 1076 5474 sortasse
1090 5433 1222 5494 scripturn

308 5503 378 5538 utrae
424 5523 432 5538 .

737 321 1225 426 ‚ortsrooanun
1284 319 1482 400 ctam
1534 319 1669 398 roeo.

2153 325 2206 400 stt

1427 673 1627 786 Georgia
1652 672 1808 758 Prino.
1832 669 2095 760 Anhoitino.

1332 829 1419 904 Epiri.
1433 829 1484 885 lib·
1496 829 1533 890 ll.
1553 847 1581 902 p.
1593 829 1654 886 lli.
1678 828 1735 899 (cd.
1748 829 1833 886 land.
1851 828 1897 886 lib.
1913 827 1952 884 ll.
1971 851 2013 904 ep.
2023 831 2099 901 mh).

1414 984 1469 1059 D.
1491 982 1698 1084 Georgia
1719 981 1890 1085 Principi
1909 987 1949 1058 in
1970 983 2108 1062 Anhoil
2222 1034 2225 1040 ·

1266 1234 1309 1304 ln
1332 1234 1473 1306 Psalmo
1497 1237 1557 1310 47.
1583 1240 1752 1331 scriptum
1779 1251 1851 1326 cst,
1878 1234 2040 1336 Quando
2070 1235 2217 1339 Principes
2273 1243 2279 1298 7

1262 1539 1459 1610 Ecclesiam
1485 1555 1519 1612 ct
1544 1544 1659 1614 studia
1683 1543 1865 1615 doctrinae
1887 1547 1999 1638 magis
2016 1549 2149 1636 llorere,
2170 1575 2222 1620 cun

1266 1666 1286 1710 a
1305 1641 1411 1711 bonis
1427 1641 1654 1736 Principibus
1669 1647 1846 1720 iocentur.
1897 1647 2054 1739 Agamus
2068 1649 2223 1742 igiturlleo

2071 461 2204 620 agla
2272 520 2281 607 μ

1042 1103 1212 1223 Q
1266 1119 1313 1208 S.
1338 1131 1385 1207 D.
1439 1133 1681 1208 lllustrissime
1705 1151 1739 1208 et
1761 1133 2065 1210 Reverendissime
2079 1138 2217 1232 Princeps.
2280 1139 2282 1217 f

1224 1431 1229 1438 .
1263 1333 1483 1433 populorum
1500 1349 1863 1434 congreganturcnm
1873 1337 2219 1427 Deosthratamm-
2280 1346 2282 1435 ᾗ

1266 1435 1412 1506 allator
1432 1434 1539 1510 Deus
1564 1437 1681 1512 raldo.
1733 1439 1874 1532 Quibus
1900 1447 2018 1515 verbis
2038 1447 2222 1538 significatur,
2281 1531 2284 1538 Ι

1266 1745 1412 1832 gratias,
1438 1748 1532 1840 quod
1548 1745 1682 1837 Regem
1691 1741 1902 1835 Dandum,
1929 1768 1962 1821 et
1979 1752 2066 1822 alios
2083 1752 2223 1846 Principes
2276 1759 2283 1828 ἱ

1268 1839 1509 1916 Germanicos
1534 1850 1579 1918 ad
1601 1849 1816 1939 agnitionem
1840 1847 2031 1942 Evangelii
2052 1856 2187 1940 roravit,
2204 1867 2226 1922 ct

1268 1947 1317 2016 ita
1340 1949 1543 2034 confirmat,
1565 1965 1606 2021 ut
1630 1975 1703 2019 non
1718 1951 1889 2024 abiiciaut
1902 1957 2103 2043 veritatem,
2127 1971 2156 2028 et
2173 1981 2224 2024 ore·

1269 2074 1365 2134 mus,
1399 2066 1439 2121 ut
1465 2075 1542 2135 eos,
1580 2067 1614 2123 et
1640 2076 1705 2121 nos
1730 2068 1828 2143 regat
1854 2068 1886 2124 et
1912 2071 2085 2149 protegat.
2139 2057 2227 2128 Pastor
2282 2131 2284 2133 ,

1267 2147 1443 2220 Ecclesiae
1462 2167 1602 2222 nostrae
1618 2149 1751 2224 Ductor
1759 2147 2010 2242 Pomeronus,
2038 2177 2069 2232 et
2085 2184 2159 2251 ego,
2179 2161 2227 2246 agi·

1268 2276 1348 2322 mus
1375 2254 1502 2342 gratias
1525 2252 1564 2328 C.
1588 2255 1629 2328 V.
1656 2259 1753 2350 quod
1787 2259 1900 2328 lenire
1927 2263 2034 2332 nohis
2058 2263 2228 2334 moestitiam

1269 2368 1436 2434 conatur,
1463 2380 1502 2425 ac
1519 2357 1613 2427 misit
1627 2357 1747 2428 literas
1767 2357 1896 2450 Regias
1914 2363 1972 2453 pie
1990 2365 2142 2457 scriptas.
2169 2363 2228 2432 llit·

1269 2471 1305 2526 to
1324 2455 1477 2526 vicissim
1500 2460 1693 2548 pagellam,
1720 2461 1819 2530 cuius
1843 2463 2034 2535 lectionem
2049 2491 2145 2560 spero
2158 2463 2187 2536 C.
2201 2463 2227 2526 l·

1269 2558 1515 2628 iucundiorem
1537 2560 1631 2646 iore,
1657 2585 1762 2656 quam
1787 2563 1890 2634 lectio
1914 2580 1966 2636 est
1991 2561 2224 2656 librorumqtti

1269 2661 1426 2730 eduntur
1458 2662 1495 2728 in
1530 2663 1646 2732 vicina
1669 2655 1919 2762 Parthenope,
1954 2694 2069 2762 quos,
2099 2685 2230 2760 utspot.

1269 2761 1398 2832 refutat
1419 2761 1479 2832 lux
1497 2765 1665 2840 veritatis.
1719 2763 1793 2835 lam
1819 2769 1934 2838 scribo
1957 2773 2194 2862 praelationem
2209 2765 2231 2832 io
2285 2834 2286 2850 ,

1268 2855 1432 2932 Luthcri
1448 2863 1623 2954 Tomum,
1648 2871 1888 2938 continentem
1916 2877 2156 2944 enarrationes
2173 2869 2232 2936 rati·

1268 2979 1386 3034 torum
1406 2967 1579 3038 librorum
1598 2965 1904 3059 Propheticorum.
1957 2969 2060 3046 Bene
2079 2992 2113 3047 et
2127 2971 2231 3046 felicita

1270 3067 1385 3137 valeat
1401 3065 1441 3142 C.
1459 3067 1500 3138 V.
1551 3067 1620 3138 Dic
1635 3067 1833 3164 Paschatis,
1863 3071 1975 3150 1549.

1284 3417 1352 3488 No.
1365 3415 1476 3490 4520.

1279 3513 1491 3550 w„
2101 3427 2240 3548 aa

1538 3599 1857 3718 christophoro
1883 3607 2021 3699 Frid.

1340 3755 1379 3810 Ea
1395 3755 1481 3812 libros
1493 3754 1632 3828 Epistulae
1646 3757 1848 3815 consolatoriae
1861 3763 1961 3829 (editas
1970 3787 1986 3822 a
1996 3765 2022 3819 0
2042 3789 2067 3826 r.
2076 3769 2246 3841 spargentur.

1377 3830 1523 3898 Argentor.
1539 3827 1627 3890 1565.)
1644 3847 1670 3898 p.
1680 3829 1739 3882 158.
1768 3832 1871 3902 hpogr.
1888 3835 1915 3888 in
1928 3837 1997 3894 cod.
2007 3787 2097 3894 goth.
2114 3841 2168 3894 1811.
2178 3834 2246 3910 epil

1271 3977 1475 4082 Philippus
1500 3979 1598 4060 Met.
1626 3973 1984 4087 Chrisiophoro
2013 3991 2064 4068 F
2065 3995 2146 4070 rid
2175 4001 2205 4069 S.
2223 3995 2248 4064 ll.
2283 4039 2285 4070 s

1271 4121 1495 4204 Veneranda
1522 4135 1594 4216 vir,
1620 4149 1655 4206 et
1669 4136 1781 4208 amice
1795 4141 1990 4220 carissime.
2049 4151 2183 4224 Usitata
2196 4161 2251 4217 sunl

1273 4237 1377 4308 exilia
1394 4233 1590 4318 Ecclesiae,
1616 4251 1655 4308 ut
1669 4247 1991 4322 commonefaciant
2009 4277 2080 4323 nos
2105 4269 2139 4326 et
2154 4259 2193 4324 de
2205 4249 2253 4343 pri-

1273 4364 1334 4408 mo
1348 4337 1454 4408 exilio
1470 4339 1665 4432 primorum
1683 4360 1887 4433 parentum,
1901 4363 1936 4420 et
1952 4353 2101 4426 ‹te-titio
2111 4353 2189 4440 Dei,
2207 4351 2256 4446 qui.

1274 4455 1315 4514 ut
1332 4463 1398 4510 nos
1411 4445 1611 4526 reduceret,
1637 4443 1718 4512 exul
1739 4445 1850 4518 factus
1868 4465 1931 4526 est.
1987 4452 2048 4529 Ac
2065 4460 2153 4540 scis,
2177 4477 2255 4552 qum

1275 4543 1467 4616 crudeliter
1485 4567 1585 4634 saepe
1601 4568 1642 4612 ex
1657 4545 1805 4620 urbibus
1824 4553 1923 4640 pulsa
1938 4564 2190 4651 contegmina
2205 4558 2257 4649 pio·

1276 4669 1375 4730 rum,
1401 4659 1435 4716 et
1458 4645 1594 4738 equites
1616 4645 1734 4732 missi,
1765 4663 1804 4719 ut
1825 4677 1942 4742 seties,
1972 4658 2139 4732 infantes
2161 4674 2191 4731 et
2207 4685 2259 4728 nte

1277 4761 1400 4818 tronae
1425 4747 1524 4841 equis
1545 4747 1848 4830 conculcarentur.
1904 4755 2103 4834 laterclum
2128 4787 2219 4832 sones
2236 4761 2258 4823 io

1277 4864 1466 4941 conspectu
1492 4849 1634 4940 piorum
1661 4849 1701 4918 in
1727 4855 1865 4926 coelum
1900 4859 2096 4937 intuentes
2129 4855 2260 4937 translati

1277 4964 1370 5024 sunt.
1430 4949 1550 5038 Quare
1574 4951 1923 5050 animum‘eacmplis
1944 4970 2140 5038 veteribus
2161 4965 2259 5037 confit·

1279 5051 1412 5134 mahts,
1439 5065 1470 5120 et
1484 5053 1659 5142 sperabis,
1674 5050 1789 5125 Deum
1807 5057 1874 5130 tibi
1891 5064 1995 5136 alind
2014 5065 2210 5166 hospitium
2226 5079 2263 5132 to

1276 5153 1423 5223 lerabile
1447 5155 1611 5224 daturum
1635 5179 1718 5244 esse.
1768 5158 1894 5232 Nostra
1910 5165 2058 5256 officia,
2085 5173 2262 5258 ubicunque

1276 5269 1309 5325 te
1325 5256 1448 5324 iuvare
1464 5257 1675 5347 poterimus,
1692 5260 1756 5328 tihi
1776 5285 1849 5332 non
1866 5265 2043 5342 defutura
2060 5287 2157 5350 sunt.
2191 5269 2264 5340 Brut

1275 5369 1310 5428 et
1322 5357 1473 5428 feliciter
1488 5359 1573 5432 vale.
1624 5355 1693 5430 Die
1707 5359 1863 5458 Georgii.
