4522 6098
98 249 173 331 476
690 234 1122 319 llPlS'l'OLARUM
1173 238 1278 316 stu.
1304 238 1368 317 xl.
1422 238 1551 315 1549.
2068 238 2140 315 m

103 450 177 499 sem
200 420 294 497 hane
319 415 584 516 philosophiam
608 432 745 504 ament,
770 430 804 486 et
833 427 950 507 partes
972 411 1099 482 ordine
1145 413 1277 482 tionem
1297 413 1520 501 singulorum
1545 413 1806 499 membrorum,
1829 414 1874 485 ad
1897 426 2047 487 naturas
2066 413 2140 483 ani·

103 528 260 607 discant,
288 540 321 596 et
347 526 385 593 in
410 524 578 592 discendo
602 521 774 591 iudicium
800 512 1011 598 adhibeant,
1036 512 1099 603 qui
1143 516 1336 597 mantium,
1361 516 1584 606 plantarum,
1609 530 1644 586 et
1668 517 1820 587 aliarum
1841 540 1966 589 rerum
1990 516 2033 587 in
2053 528 2139 589 tem

106 630 295 721 scriptores
316 626 454 717 legendi
486 626 567 693 sint.
627 622 709 693 Non
733 620 828 689 enim
851 642 871 687 a
895 615 1099 687 Democrito
1144 617 1386 701 nascentium,
1409 618 1650 708 proferendas.

106 746 167 802 aut
188 728 363 823 Epicuro,
396 740 457 795 aut
490 724 589 808 aliis,
624 725 687 817 qui
712 724 876 791 usitatam
902 718 1101 787 doctrinam
1246 716 1350 787 Hane
1370 720 1569 789 doctrinam
1595 744 1676 791 eum
1699 720 1828 791 ordine
1849 734 1885 791 et
1913 720 2138 813 propriogs·

107 844 356 923 corrumpunt,
383 852 438 897 ars
462 827 611 919 petenda
632 839 693 899 est.
743 820 906 910 Eligatur
927 834 960 889 et
983 842 1101 888 rerum
1146 844 1228 889 nere
1251 821 1425 889 sermonis
1448 821 1525 889 sine
1548 821 1761 905 involueris,
1784 822 1905 916 qualia
1924 835 2012 893 sunt
2026 822 2066 892 in
2078 819 2136 891 Ti-

107 934 288 1017 sluctrina,
313 930 452 1001 omissis
469 929 637 996 inanibus
654 924 956 1004 cavillationibus,
982 919 1103 1011 quales
1148 946 1247 992 maeo
1262 920 1441 1005 Platonis,
1465 919 1676 992 Aristoteles
1689 939 1724 995 et
1740 918 2017 1015 Theophrastus
2032 922 2135 994 tradi-

108 1036 213 1106 etiam
228 1029 314 1103 haec
327 1030 502 1101 recentior
518 1042 612 1098 aetas
625 1028 766 1097 miscuit
782 1022 961 1095 communi
971 1021 1104 1090 doctri·
1147 1024 1285 1105 derint,
1307 1037 1369 1093 aut
1383 1036 1476 1093 certe
1492 1019 1712 1110 inchoarint,
1734 1025 1906 1096 iudicium
1922 1050 2067 1111 eorum,
2080 1023 2134 1119 qui

109 1160 176 1207 nae
195 1159 270 1205 non
294 1155 433 1225 paucas.
485 1131 698 1201 Studeamus
724 1143 758 1197 et
779 1150 905 1217 genere
932 1122 1104 1193 sermonis
1148 1122 1232 1194 baec
1246 1126 1456 1196 aristotelica
1473 1126 1512 1193 in
1529 1121 1661 1195 scholis
1677 1128 1831 1218 proponi
1844 1127 2134 1214 voluerunt,nott
2166 1202 2169 1213 ,

108 1237 254 1331 proprio
277 1236 410 1321 uti„et
435 1256 509 1301 non
528 1234 643 1301 alieno
669 1230 845 1319 alinguae
866 1227 995 1295 latinae
1017 1246 1102 1292 eon·
1147 1228 1322 1317 vitupero.
1381 1226 1422 1297 si
1453 1229 1598 1319 quando
1630 1229 1693 1296 alii
1727 1230 1876 1302 rectiora
1910 1242 1945 1299 et
1977 1228 2132 1299 uberiore

108 1338 306 1411 suetudine.
357 1334 448 1405 Nam
465 1335 526 1427 qni
550 1348 641 1401 recte
662 1333 759 1423 loqui
783 1331 944 1410 student,
970 1350 1025 1395 res
1048 1325 1104 1392 in·
1148 1332 1272 1412 edent,
1304 1353 1378 1397 non
1410 1330 1525 1397 solum
1551 1354 1698 1399 acumen
1724 1344 1759 1399 et
1779 1331 1994 1400 industriam
2021 1352 2130 1401 eorum

109 1453 275 1523 tuentur,
303 1436 433 1531 quihus
457 1436 602 1503 nomina
619 1435 787 1504 attributa
808 1444 909 1514 sunt;
936 1442 1105 1509 econtra,
1148 1431 1391 1514 laudabimus,
1415 1432 1475 1499 sed
1493 1431 1600 1499 etiam
1618 1433 1857 1515 voluntatem,
1877 1434 1975 1526 quod
1993 1426 2061 1501 hoe
2073 1430 2130 1501 mi·

109 1566 192 1613 eum
215 1564 330 1611 serrato
352 1561 465 1605 novus
482 1537 643 1625 fingitur,
670 1536 867 1626 plerunque
890 1545 925 1601 ct
948 1552 1003 1598 res
1025 1552 1107 1597 mtr—
1148 1534 1301 1602 randum
1317 1533 1497 1623 opificium
1514 1533 1592 1615 dei,
1609 1534 1907 1609 videlicetomnia
1923 1534 2128 1605 mundinas·

110 1656 250 1727 teratur,
275 1640 367 1711 utin
385 1637 480 1709 Scoti
504 1652 537 1707 et
559 1637 728 1707 similium
745 1634 884 1725 scriptis
901 1656 974 1699 non
992 1652 1106 1698 sermo
1150 1657 1253 1725 pora,
1279 1634 1376 1702 velut
1396 1635 1435 1700 iu
1453 1634 1531 1703 luce
1545 1634 1695 1703 clariore
1711 1636 1857 1704 caeteris
1869 1638 2055 1705 ostendere
2067 1648 2127 1705 stu·

111 1756 250 1831 tantum
276 1752 466 1830 corruptus
501 1753 568 1822 est,
611 1740 672 1807 sed
707 1738 854 1807 umbrae
890 1756 1008 1801 rerum
1044 1754 1106 1798 seu
1149 1738 1248 1805 dent.
1300 1731 1365 1804 Est
1378 1735 1527 1804 omniuo
1543 1737 1715 1827 sapientia
1730 1737 1890 1830 dei,qua
1908 1732 2002 1807 hanc
2019 1732 2126 1807 mundi

113 1844 249 1917 somnia
272 1842 464 1931 excogitata
485 1856 586 1924 suut,
612 1840 743 1933 quibus
765 1860 877 1907 novae
901 1832 1108 1927 appellatio-
1149 1832 1348 1905 machinam
1365 1838 1576 1917 construxit,
1593 1838 1939 1928 impervestigabilis,
1962 1852 2127 1923 ettamen,

113 1970 177 2017 ηρ,
192 1945 382 2017 attributae
398 1956 492 2013 sunt,
1150 1963 1230 2007 cum
1246 1938 1331 2007 velit
1347 1961 1424 2006 eam
1440 1939 1571 2028 aspici,
1598 1941 1834 2009 consideratio
1861 1964 1936 2009 non
1957 1954 2012 2010 est
2033 1938 2128 2011 inuti·
2144 2013 2147 2019 ,

171 2038 174 2043 ’
210 2042 259 2117 Ει
286 2068 490 2139 quanquam
517 2040 632 2109 forma
658 2039 857 2109 communis
889 2036 1019 2105 artium
1054 2057 1106 2102 se·
1150 2042 1213 2123 lis,
1247 2052 1281 2108 et
1303 2040 1421 2131 aliqua
1446 2041 1590 2128 vestigia
1614 2036 1797 2111 architecti
1820 2037 2040 2133 deprehendi
2059 2062 2137 2133 pos-s·

111 2150 254 2244 quenda
278 2160 348 2229 est,
374 2160 494 2214 tamen
520 2136 606 2210 haec
629 2142 730 2211 initia
750 2140 918 2231 exemplis
937 2136 1108 2207 illustrari
1151 2153 1244 2214 sunt.
1294 2136 1343 2211 Et
1358 2140 1469 2229 gratia
1485 2143 1832 2227 debeturomnibus,
1852 2143 1915 2235 qui
1930 2157 2064 2235 partem
2106 2140 2116 2161 '

111 2254 275 2343 prodest,
307 2260 347 2317 ut
378 2244 618 2337 conspiciatur
647 2244 793 2315 utilitas.
855 2240 966 2331 Saepe
1000 2239 1109 2327 igitur
1151 2267 1256 2335 quam
1277 2256 1370 2311 recte
1393 2256 1427 2311 et
1451 2243 1657 2333 simpliciter
1680 2257 1900 2329 monstrant,
1925 2268 1968 2313 ae
1987 2242 2130 2337 praesu&

111 2350 252 2444 optavi,
274 2362 313 2418 ιιι
329 2344 663 2417 ειιιάἰιιιισιιιιάἰσιιι
678 2359 846 2415 clamans
864 2338 988 2411 harum
1006 2337 1109 2409 scho-
1152 2346 1216 2414 tim
1244 2345 1307 2428 iis,
1327 2345 1409 2436 qui,
1436 2370 1516 2412 cum
1542 2346 1646 2415 multi
1667 2346 1898 2415 audacissime
1919 2346 2125 2438 corruperis!
2155 2412 2161 2431 ,

111 2446 697 2541 lasticarurnoperarum,intuens
715 2447 916 2515 universam
935 2457 1110 2524 naturam,
1150 2446 1346 2535 simplicem
1373 2446 1590 2530 doctrinam,
1621 2460 1657 2515 ut
1682 2445 1927 2532 Democritus,
1968 2444 2121 2541 Epicurei,
2156 2492 2169 2531 ,

113 2568 227 2625 sumat
244 2548 514 2621 hunelaborem
538 2543 625 2618 haee
646 2548 748 2617 initia
767 2544 978 2616 aristotelica
1002 2556 1036 2611 et
1053 2566 1109 2610 re·
1151 2546 1281 2630 Stoici,
1317 2542 1526 2640 Pyrrhonii,
1553 2560 1588 2616 et
1613 2542 1742 2617 horum
1764 2549 1916 2633 similes,
1950 2548 2123 2621 monitum

113 2655 249 2727 citandi
265 2668 300 2723 et
315 2646 530 2722 illustrandi.
1151 2661 1236 2719 sunt
1263 2648 1484 2732 iunioribus,
1518 2662 1558 2718 ut
1578 2648 1691 2718 vitent
1719 2664 1935 2720 monstrosas
1956 2650 2141 2743 opiniones·

212 2752 289 2843 Ego
314 2778 428 2821 meam
451 2749 690 2819 infirmitatem
716 2768 884 2835 agnosco,
917 2770 956 2814 ac
980 2746 1010 2812 si
1030 2744 1109 2839 quis
1152 2763 1188 2821 et
1208 2763 1301 2821 reeta
1323 2749 1453 2821 artium
1469 2751 1524 2818 via
1544 2764 1715 2843 quaerant
1730 2775 1830 2821 veras
1846 2752 2056 2836 sententias,
2076 2772 2130 2823 uss

114 2856 304 2929 stulticiam
322 2876 395 2923 esse
412 2851 602 2934 iudicabit,
627 2850 722 2942 quod
746 2848 861 2938 impar
884 2860 983 2916 tanto
1007 2846 1109 2915 oneri
1150 2864 1277 2945 putent
1289 2850 1425 2943 ingenii
1439 2853 1546 2921 decus
1560 2874 1634 2922 esse
1655 2853 1778 2922 ludere
1792 2855 1991 2945 praestigiis
2002 2854 2097 2945 opin'

112 2980 218 3031 ausus
248 2980 329 3026 sum
356 2951 442 3025 haec
464 2952 634 3036 scribere,
664 2950 709 3019 ab
738 2942 806 3017 hoc
829 2949 969 3017 veniam
992 2950 1110 3041 potius
1152 2978 1258 3039 num,
1279 2955 1339 3023 sed
1360 2954 1585 3045 acquiescant
1607 2955 1645 3022 in
1666 2955 1833 3035 veritate,
1867 2980 1908 3025 ac
1927 2960 1996 3025 deo
2016 2955 2100 3046 gra’

112 3058 245 3131 erroris
268 3072 370 3150 peto,
396 3080 502 3149 quarn
524 3078 581 3123 me
602 3076 740 3121 excuso.
793 3050 864 3121 Sed
888 3075 969 3121 eum
989 3074 1109 3120 ueces-
1152 3068 1275 3145 agant,
1302 3056 1398 3149 quod
1424 3056 1461 3122 in
1486 3049 1549 3122 hac
1573 3056 1724 3145 caligine
1743 3051 2129 3128 humanaementisali·

114 3163 247 3234 sarium
263 3182 336 3230 esse
353 3172 584 3229 statueremus
599 3177 663 3244 ego
679 3167 714 3223 et
731 3153 884 3241 collegae
900 3152 1035 3238 nostri,
1052 3153 1110 3221 iu·
1153 3180 1240 3250 quas
1265 3168 1383 3225 tamen
1406 3156 1575 3225 scintillas
1597 3180 1680 3225 suae
1702 3158 1893 3248 sapientiae
1914 3159 1992 3230 vult
2019 3160 2131 3243 lucere,
2156 3184 2160 3235 ;

112 3262 250 3335 ventuti
280 3282 481 3354 proponere
513 3272 547 3327 et
572 3253 662 3327 hanc
688 3248 937 3345 philosophiae
961 3266 1110 3345 partem,
1152 3273 1187 3329 et
1200 3259 1381 3326 inventam
1398 3258 1594 3327 doctrinam
1608 3260 1653 3326 ad
1670 3283 1772 3328 usum
1788 3259 1827 3326 in
1845 3261 1916 3329 vita
1933 3262 2099 3330 transiere
2147 3252 2166 3289 ''

113 3366 320 3456 collegimus
338 3386 402 3451 ego
425 3376 458 3431 et
476 3352 623 3428 Paulus
640 3352 785 3425 Eberus
810 3350 901 3425 hane
923 3356 1110 3449 sylvulam,
1152 3362 1198 3428 ad
1220 3362 1386 3427 tuendam
1410 3360 1650 3429 valetudinem
1673 3374 1706 3429 et
1723 3363 1895 3449 regendos
1912 3384 2046 3447 mores,
2069 3270 2169 3447 ia

113 3470 152 3535 in
168 3490 237 3559 qua
262 3464 432 3534 mediocri
456 3461 704 3553 perspicuitate
727 3456 873 3529 recitare
897 3456 1110 3527 aristotelica
1152 3463 1197 3529 ad
1220 3460 1469 3528 celebrandum
1493 3462 1596 3529 deum
1620 3462 1793 3551 opificem.
1844 3461 1980 3532 Pravae
2004 3448 2169 3555 opinio-3

112 3592 299 3648 conamur,
316 3590 406 3658 qum
422 3564 565 3657 quidem
585 3564 749 3655 prodesse
763 3561 806 3629 ad
825 3573 970 3629 naturae
986 3558 1107 3648 cogni·
1152 3585 1214 3631 nes
1234 3584 1297 3651 per
1313 3585 1386 3630 sese
1402 3577 1531 3632 nocent
1547 3563 1705 3632 moribus
1726 3576 1762 3632 et
1779 3564 1890 3649 vitae,
1915 3580 1948 3635 et
1963 3578 2130 3637 contume-

114 3670 247 3741 tionem
264 3666 551 3735 existimavimus.
1081 3692 1084 3703 ·
1152 3665 1261 3733 liosae
1286 3676 1369 3732 sunt
1391 3665 1559 3733 adversus
1582 3666 1705 3749 deum;
1732 3667 1792 3732 sed
1819 3666 1932 3735 multo
1956 3667 2038 3758 plus
2059 3662 2130 3737 mali

215 3766 264 3837 Ut
287 3780 405 3834 autem
427 3758 700 3854 Aristophanes,
725 3763 892 3831 deridens
918 3760 1111 3847 Socratem,
1152 3765 1264 3835 estin
1290 3764 1363 3855 ipsa
1388 3766 1643 3835 consuetudine
1664 3767 1864 3856 petulanter
1879 3766 2130 3839 contradicendi

115 3866 233 3957 lingit,
258 3890 337 3935 eum
356 3864 475 3933 metiri
491 3887 613 3954 passus
627 3863 771 3954 pulicis,
796 3887 874 3932 cera
887 3863 984 3933 velut
998 3864 1110 3954 persi·
1153 3868 1244 3935 veris
1259 3868 1453 3940 sententiis.
1505 3864 1718 3959 llicvere⁴)
1743 3883 1813 3947 est,
1840 3870 2130 3963 utinquitEuri·
2149 3900 2169 3931 ι

113 3993 173 4040 cos
187 3962 381 4038 cothurnos
395 3964 506 4055 pulici
520 3964 746 4043 induentem,
773 3962 820 4030 ita
836 3964 907 4031 scio
924 3966 1054 4034 multos
1071 3965 1109 4032 in
1153 3970 1269 4059 pides,
1295 3962 1498 4047 ἀκόλαστος
1507 3972 1660 4063 γλῶσσα
1675 3964 1846 4062 αἰσχίστη
1860 3963 1982 4051 νόσος.

113 4069 182 4141 hoc
197 4057 1109 4161 ipsovestibulophysicesderiderelsacsotoysipsaw
1252 4069 1372 4157 Quare
1411 4070 1606 4160 plurimum
1647 4072 1771 4154 refert,
1810 4072 1952 4159 ingenia
1993 4072 2169 4144 motis·-

113 4174 159 4241 de
181 4168 327 4241 materia
353 4169 484 4259 prima,
509 4166 676 4235 omnibus
701 4168 823 4233 orbata
846 4165 990 4249 formis,
1014 4169 1109 4236 etde
1152 4195 1379 4260 praemonere
1395 4187 1447 4255 et,
1473 4185 1646 4263 quantum
1661 4174 1735 4241 lieri
1751 4187 1888 4263 potest,
1911 4177 2130 4257 adsuefacere,

114 4271 325 4362 privatione.
351 4266 445 4341 Sunt
460 4268 578 4353 etiem,
592 4268 655 4363 qui
670 4292 734 4337 nec
749 4267 920 4351 elementa
935 4280 1027 4336 recte
1040 4292 1110 4337 nu-
1151 4287 1191 4342 ut
1210 4286 1331 4343 ament
1351 4274 1549 4343 moderatas
1572 4276 1780 4357 sententias,
1813 4275 1913 4362 gravi
1936 4277 2130 4349 auctoriate

115 4372 244 4445 merari
260 4372 480 4441 contendunt
502 4384 538 4441 et
555 4370 654 4442 velut
674 4394 716 4439 ex
732 4366 944 4457 Theogonis
960 4364 1108 4437 Hesiodi
1153 4375 1315 4458 traditas,
1347 4398 1412 4443 nee
1437 4375 1567 4443 artium
1591 4390 1701 4444 metas
1723 4389 1903 4459 evertant,
1926 4378 2000 4448 iano
2024 4394 2063 4450 ut
2083 4400 2169 4481 ²¹⁴2:

114 4476 219 4545 aliam
241 4470 412 4567 physicen
434 4472 550 4541 extrui
576 4473 713 4543 volunt.
765 4468 838 4540 Nec
858 4494 941 4539 veru
964 4484 1025 4541 aut
1045 4472 1109 4540 de·
1150 4477 1317 4544 dentibus
1346 4477 1438 4544 votis
1469 4476 1573 4543 etiam
1607 4478 1731 4559 deusu,
1769 4476 1904 4547 sontem
1941 4480 2130 4571 sapientiae.
2167 4500 2169 4505 ·

112 4576 238 4659 leudo,
270 4589 332 4644 aut
355 4572 506 4642 rrintium
530 4576 641 4643 amari
664 4572 747 4643 volo
767 4594 890 4643 omnes
906 4568 1108 4643 Aristotelis
1150 4590 1272 4660 orent,
1303 4588 1345 4645 ιιι
1374 4590 1511 4647 mentes
1542 4578 1746 4646 docentium
1774 4591 1809 4647 et
1837 4579 2052 4653 discentium
2078 4516 2169 4672 gt!

115 4679 279 4765 argutias.
321 4672 538 4766 Quanquam
552 4688 668 4743 autem
687 4674 809 4742 miscet
823 4675 1015 4767 aliquando
1032 4673 1109 4745 exi·
1150 4678 1285 4751 bernet.

120 4776 169 4841 les
195 4790 230 4843 ot
255 4776 391 4845 ieiunas
413 4774 687 4865 disputationes,
716 4787 835 4842 tamen
862 4775 979 4867 operis
1000 4776 1109 4845 series
1253 4777 1471 4847 inseruimus
1486 4778 1596 4865 igitur
1614 4793 1648 4848 et
1664 4780 1887 4871 quaestiones
1901 4783 2040 4877 aliquas
2053 4776 2169 4877 phy-³

116 4876 159 4943 ad
186 4876 384 4945 ducendum
407 4876 631 4945 accomodata
653 4889 715 4947 est.
765 4872 913 4945 Necesse
936 4891 988 4947 est
1012 4876 1108 4947 enim
1150 4880 1232 4948 sicis
1256 4881 1410 4963 vicinas,
1442 4902 1593 4972 quarum
1623 4876 1709 4951 haec
1732 4883 1881 4973 simplex
1907 4899 1942 4955 et
1963 4868 2169 4979 perspicui*-

118 4978 154 5041 in
178 4974 350 5043 vestibulo
373 4976 555 5047 doctrinae
582 4970 748 5071 physicae
781 4976 962 5045 numerari
992 4979 1109 5068 prima
1150 4981 1335 5072 explicatio
1352 5005 1433 5050 vera
1451 4994 1502 5051 est
1517 4995 1552 5051 et
1566 4982 1666 5050 utilis
1680 4984 1852 5058 moribus.
1902 4983 1979 5056 Nee
1993 4978 2136 5057 attritas
2150 4968 2169 5045 ’Ὺ

117 5096 283 5165 eorporo,
314 5088 347 5145 et
371 5090 489 5165 postea
512 5078 721 5171 corporibus
740 5075 890 5147 attribui
910 5078 1109 5168 proprieta-
1146 5082 1330 5151 ecclesiam
1342 5082 1521 5172 pertinent
1535 5082 1844 5167 studiadoctriuae
1855 5080 2034 5181 physicae.
2058 5086 2129 5160 sse
2158 5074 2169 5105 ¹

117 5190 186 5253 tes.
213 5174 308 5253 loca,
331 5174 535 5265 qualitates,
561 5192 699 5267 motus;
724 5176 854 5247 deinde
874 5176 914 5245 in
936 5177 1108 5247 mixtione
1150 5182 1292 5274 pissime
1309 5183 1404 5251 euim
1420 5184 1458 5251 ia
1471 5185 1696 5254 enarratione
1712 5186 1895 5257 doctrinae
1918 5190 2077 5262 coelestis
2094 5184 2133 5255 ds

115 5272 255 5343 ‹estentli
272 5272 473 5343 ellectiones
492 5292 527 5347 et
542 5282 682 5367 gradus.
730 5274 827 5349 Hinc
840 5278 886 5347 ad
900 5278 1008 5349 mixta
1024 5304 1109 5368 pm-

116 5376 272 5455 ceditur,
306 5374 349 5441 ad
372 5374 644 5465 descriptionem
669 5374 827 5449 henrinis
850 5392 886 5449 et
907 5380 1107 5449 considera·
1184 5407 1215 5474 s>
1235 5406 1290 5462 111·ae
1303 5406 1379 5473 vere]
1400 5403 1451 5457 Et.
1465 5400 1514 5459 ate.
1527 5403 1564 5458 aa
1578 5408 1898 5472 anaxanontem.
