4614 6226
90 349 147 430 stt

88 529 234 592 emamus.
283 509 367 586 ldeo
388 515 624 608 necessarium
645 515 850 610 putavimus
865 513 910 588 V.
926 513 967 588 Ρ.
981 517 1051 587 n'o·

86 637 172 694 stram
183 611 385 689 senteutiam
400 641 591 712 exponere,
607 633 642 691 et
655 631 807 690 vestram
821 613 1051 711 superAdis-

85 719 214 822 pboricis
231 720 485 794 mutationibus
510 721 654 806 audire,
680 721 889 814 animosque
909 735 1050 792 nostros

86 823 113 895 in
124 823 236 917 quovis
248 823 405 912 periculo
421 836 538 894 vestro
556 822 741 894 iudicioeo
752 823 907 894 validius
922 824 1050 894 adver-

85 947 128 998 us
148 924 314 1017 quoslibet
341 938 514 1007 terrores,
548 925 803 1019 trepidationes
826 937 863 997 et
891 925 1048 1018 pericula

84 1049 207 1100 lllunll'es

160 1171 244 1245 Cum
264 1173 398 1270 ubique
414 1189 618 1270 spargatur,
643 1187 796 1272 vestram
818 1199 891 1246 esse
906 1187 1048 1247 senten-

80 1265 162 1358 tiam,
183 1289 221 1348 ut
238 1275 387 1347 servitus
408 1278 542 1348 feratur
556 1277 594 1348 in
611 1271 849 1372 Adiaphoris‚
872 1277 978 1352 etiam
1001 1277 1048 1347 il-

78 1377 126 1461 lis,
151 1403 230 1472 quae
253 1373 419 1449 Islcbs'us
443 1391 478 1450 et
503 1378 565 1449 alii
596 1379 721 1450 aulicis
754 1379 913 1451 conciliis
945 1379 1048 1468 ebrii,

77 1475 255 1572 Adiaphora
269 1495 420 1568 vocant,
446 1493 481 1551 et
496 1481 625 1576 quibus
642 1495 807 1554 venustas
824 1482 942 1576 aliqua
958 1481 1046 1552 alle-

77 1581 172 1670 gorica
196 1583 314 1674 affingi
340 1597 473 1676 potest,
499 1595 539 1662 ut
561 1585 605 1653 ad
629 1583 783 1680 aliquem
800 1607 904 1655 usum
919 1583 959 1652 in
974 1579 1046 1654 Ec-

76 1682 156 1753 clesia
170 1685 426 1755 accommodari
438 1697 587 1780 queant,
606 1709 676 1780 qua
692 1699 766 1756 arte
783 1685 961 1782 quaelibet
976 1709 1046 1755 nn-

75 1805 122 1874 gae
138 1809 196 1878 pro
209 1782 428 1878 Adiapltoris
450 1787 596 1858 obtrudi
611 1801 773 1882 possent,
799 1813 879 1859 cum
902 1781 1044 1858 flexibi-

74 1883 127 1954 lem
151 1887 242 1956 illam
274 1887 502 1975 senteutiam,
536 1891 742 1962 servitutem
765 1889 804 1960 in
825 1885 1045 1986 Adiaphoris

75 1985 225 2059 luendam
249 2013 346 2076 esse,
384 1990 490 2062 multi
512 1989 667 2084 improbi
691 2005 882 2084 usurpent:
916 1991 1045 2062 iterum

74 2111 188 2160 oramus
209 2115 261 2165 ve.
276 2087 326 2165 R.
340 2089 382 2166 l‘.
403 2117 469 2186 per
488 2091 636 2184 gloriam
659 2089 794 2166 Christi
817 2091 898 2164 lesu
919 2105 953 2164 et
973 2089 1045 2164 Ec-

75 2187 173 2261 clesiae
198 2193 368 2280 salutem,
399 2207 440 2266 ut
471 2217 534 2264 vos
565 2193 603 2264 in
636 2190 703 2266 hac
733 2187 974 2267 controversia
999 2195 1044 2266 de

78 2287 260 2386 ldiaphoris
288 2295 443 2368 dilucide
464 2295 649 2368 declaretis
669 2297 765 2368 edito
783 2299 932 2390 scripto;
958 2297 1043 2368 alias

79 2389 119 2462 illa
130 2398 315 2482 sententia,
339 2399 544 2470 servitutem
567 2399 605 2468 in
620 2394 838 2495 Adiaplroris
860 2399 1043 2470 serendam

78 2515 143 2580 esse,
171 2498 311 2568 infinita
335 2495 521 2570 schismata
543 2501 726 2574 suscitabit
748 2515 783 2574 et
804 2501 924 2596 plures
939 2499 1044 2570 dissi-

75 2597 149 2686 pabit
177 2593 355 2671 Ecclesias
395 2626 502 2697 quam
532 2603 816 2697 adversariorum
848 2627 946 2674 arma
979 2604 1044 2674 de-

77 2708 191 2800 struant.
248 2699 297 2772 ln
321 2705 397 2772 vos'
412 2705 573 2775 conversi
596 2719 680 2778 sunt
704 2705 867 2777 omnium
890 2705 986 2776 oculi
1010 2719 1044 2778 et

77 2799 172 2888 animi,
194 2805 359 2874 avestris
382 2803 524 2874 iudiciis
547 2807 640 2878 bona
665 2831 745 2900 pars
759 2802 955 2882 Christiani
982 2832 1044 2877 or-

73 2897 110 2970 lis
124 2905 264 2994 pendet,
291 2905 421 3002 quibus
443 2907 523 3000 plus
544 2907 626 2978 fidei
648 2903 800 2994 habent,
824 2933 931 3004 quam
954 2909 1043 2982 aliis·

70 2995 132 3074 ldeo
152 3007 340 3078 deserendi
361 3032 436 3077 non
462 3023 546 3080 suot
565 3009 615 3104 pii
640 3011 678 3080 in
700 3011 985 3084 dubitationibus
1009 3023 1044 3082 et

68 3107 274 3181 consiliorum
316 3109 586 3187 variationibus.
645 3107 812 3184 Extrema
844 3113 1043 3194 necessitas,

65 3197 118 3274 Dei
129 3209 254 3300 gloria,
285 3205 463 3282 Ecclesiae
479 3215 594 3302 salus,
617 3197 769 3312 requirit
788 3240 807 3284 a
824 3215 927 3286 vobis
948 3215 1043 3284 eins-

65 3311 142 3377 modi
157 3313 441 3406 explicationem.
491 3313 652 3388 Pericula
667 3331 808 3388 nostrae
824 3316 990 3408 religioni
1008 3329 1060 3390 et*

62 3410 198 3484 ueritatis
221 3414 437 3485 confessioni
465 3417 671 3504 coniuncta,
703 3445 769 3490 nec
790 3417 952 3502 silentio,
977 3442 1043 3490 uec

62 3509 131 3581 allis
149 3515 349 3588 rationibus
372 3509 539 3588 humanis
552 3521 724 3592 declinari
741 3535 902 3616 possunt.
953 3515 1043 3592 Evi-

60 3615 144 3684 tandi
167 3617 320 3712 periculi
346 3643 448 3689 causa
477 3645 551 3691 nou
583 3636 651 3704 est,
686 3637 727 3696 ut
752 3623 937 3696 omittatur
962 3623 1043 3694 olfi-

61 3711 155 3799 cium,
196 3719 294 3816 quod
328 3715 495 3794 Ecclesiis
536 3725 680 3798 debetis.
746 3724 831 3798 Sive
864 3725 1041 3812 sileamus,

58 3815 118 3887 sice
129 3819 336 3916 loquamur,
360 3825 570 3896 adversariis
588 3825 682 3894 idem
698 3841 776 3922 nest,
799 3827 868 3896 nisi
891 3827 1050 3904 omnino¹

57 3917 234 4014 abnegetur
257 3947 340 3993 vera
365 3949 404 3994 ac
422 3950 511 4020 pura
526 3927 687 3998 doctrina
700 3925 834 4002 Christi
858 3943 893 4000 et
920 3927 1039 4015 omnia

56 4013 214 4114 Papistica
230 4023 493 4118 approbentur,
515 4029 618 4102 nulla
639 4015 906 4127 tranquillitistis
923 4043 957 4102 et
977 4054 1041 4122 pa-

56 4119 96 4190 cis
107 4125 264 4198 conditio
281 4129 504 4222 proponitur.

141 4276 290 4352 Frustra
314 4279 460 4386 aliunde
478 4305 585 4377 qnam
608 4281 719 4356 slleo
734 4287 839 4358 nobis
861 4267 1041 4380 piomitti-

52 4397 121 4448 tuus
139 4405 262 4472 pacem
285 4403 327 4450 ac
349 4383 603 4462 defensionem.
661 4383 759 4459 Huic
779 4403 814 4462 et
837 4413 902 4482 per
922 4385 1038 4470 lesum

613 343 1045 426 ur1srontrtu1u
1095 337 1297 456 mnu
1349 339 1491 420 csso·

1103 524 1176 584 stra
1193 511 1342 584 consilia
1359 525 1395 588 et
1409 511 1565 584 actiones
1580 514 1626 586 ad
1645 514 1702 586 sui
1723 513 1881 588 nominis
1900 515 2050 608 glorim
2066 528 2102 588 et

1101 609 1282 686 Ecclesiae
1296 638 1379 686 suae
1392 615 1564 702 salutem,
1585 612 1714 690 Arnen.

1202 715 1309 788 Nune
1330 741 1433 804 vero,
1462 742 1544 788 cum
1562 716 1724 816 lortassis
1748 719 1826 792 sitis
1849 719 2101 815 occupatiores,

1101 841 1209 912 quam
1222 831 1264 890 nt
1280 819 1464 912 publicum
1482 821 1653 914 scriptum
1669 821 1771 894 brevi
1786 823 1970 894 absolvere
1984 821 2100 917 possi-

1102 920 1165 1006 tis,
1190 945 1271 991 cnm
1290 923 1328 992 id
1339 923 1540 1014 plusculum
1555 923 1723 1015 temporis
1739 925 1912 1016 postulet,
1935 945 2101 1018 rogamus
2172 952 2177 958 ·

1101 1022 1251 1104 obnixe,
1279 1037 1322 1095 ut
1342 1024 1384 1092 in
1403 1047 1541 1095 summa
1566 1049 1646 1096 cum
1660 1020 1730 1106 hoc
1755 1026 1940 1100 tabellario
1963 1029 2010 1100 ad
2033 1047 2102 1098 nos

1100 1137 1253 1194 vestram
1273 1126 1484 1198 sententiam
1504 1127 1724 1213 recumbatis,
1747 1141 1781 1200 et
1797 1129 1920 1222 paneis
1937 1119 2101 1202 indicetis

1100 1240 1259 1298 vestrum
1282 1229 1327 1298 de
1346 1242 1468 1299 nostra
1490 1230 1664 1302 sententia
1694 1228 1880 1306 iudicium.
1927 1229 2102 1306 Rectissi-

1100 1351 1158 1399 me
1173 1329 1314 1400 valeant
1329 1327 1376 1402 R.
1389 1327 1436 1406 D.
1450 1328 1494 1404 V.
1511 1330 1550 1400 in
1568 1321 1648 1402 le'su
1661 1323 1826 1423 Christo,
1844 1332 1960 1432 ¹unico
1973 1328 2100 1404 Eccle-

1098 1429 1172 1500 siae
1194 1444 1394 1522 protectore
1414 1445 1450 1504 et
1471 1431 1682 1519 liberatore,
1706 1435 1850 1516 sedente
1874 1447 1908 1506 et
1929 1449 2100 1526 regnante

1099 1533 1144 1602 ad
1161 1533 1339 1603 dexteram
1355 1533 1547 1605 maiestatis
1561 1532 1648 1620 Dei,
1674 1535 1732 1606 cui
1752 1559 1815 1607 sua
1830 1532 1987 1610 Ecclesia
2009 1561 2104 1608 sem-

1099 1657 1163 1726 per
1177 1658 1280 1708 curse
1292 1635 1381 1722 tuis,
1396 1649 1431 1707 et
1447 1658 1560 1730 nsque
1574 1637 1621 1708 acl
1634 1637 1744 1708 seculi
1757 1642 2101 1732 consummationem

1098 1759 1237 1830 semper
1254 1761 1359 1808 curse
1378 1737 1457 1811 erit·

1490 1880 1712 1916 'fin-..n-

1585 2037 1630 2112 B.

1167 2165 1309 2240 (Sequitur
1325 2167 1468 2240 responsio
1481 2165 1669 2223 Melsutbouis
1685 2168 1722 2224 sd
1739 2169 1810 2227 lasne
1829 2170 1988 2243 epistolem,
2003 2187 2100 2226 recem

1201 2239 1303 2293 teau.
1315 2247 1376 2307 syn.
1392 2255 1421 2310 p.
1431 2237 1507 2306 tot,
1527 2237 1556 2292 itt
1572 2237 1704 2294 estoces
1725 2278 1732 2298 .
1771 2239 1872 2308 .2tt.,
1887 2241 1953 2298 edis.
1967 2237 2057 2296 tend
2075 2239 2098 2295 l.

1201 2326 1243 2377 ep.
1260 2305 1305 2362 79.
1320 2317 1346 2361 et
1368 2306 1397 2360 iu
1419 2305 1549 2360 Consiliis
1569 2305 1675 2378 latinis,
1720 2259 1775 2364 .ll·
1790 2311 1876 2380 ΜΒ.
1909 2305 2099 2384 apographon

1129 2389 1133 2395 '
1199 2375 1368 2431 contulimus
1380 2377 1409 2429 in
1424 2375 1486 2431 cod.
1499 2373 1571 2432 Bar.
1582 2373 1617 2433 ll.
1631 2393 1659 2449 p.
1670 2377 1745 2444 224.)

1170 2525 1393 2605 Pectoribus
1409 2529 1600 2605 Ecclesiae
1613 2533 1914 2632 Homburgertss's
1937 2537 1974 2614 8.
1987 2533 2034 2612 D.

1097 2657 1306 2742 Reverendi
1330 2659 1401 2740 siri
1423 2679 1459 2740 et
1481 2669 1587 2740 amici
1612 2671 1731 2746 carim.
1781 2669 1865 2744 Non
1890 2693 1992 2764 aegre
2012 2671 2099 2742 leri-

1096 2795 1196 2862 mus,
1223 2793 1290 2842 uos
1313 2785 1475 2842 amanter
1500 2793 1521 2842 a
1542 2772 1645 2843 vobis
1667 2775 1723 2846 vel
1742 2775 1883 2846 moneri
1898 2775 1956 2846 vel
1977 2797 2099 2866 repre-

1096 2869 1217 2947 hendi.
1276 2871 1370 2944 Sunt
1401 2872 1497 2944 enim
1527 2886 1565 2943 et
1595 2869 1682 2948 baec
1714 2875 1828 2948 ollicia
1861 2873 1900 2946 in
1930 2875 2098 2956 amicitia,

1095 2975 1301 3068 praesertim
1315 2973 1354 3044 in
1362 2967 1539 3060 Ecclesia,
1555 2978 1762 3053 necessaria.
1797 2976 1868 3051 Sed
1883 2993 2001 3052 umen
2016 3001 2099 3048 ora-

1095 3100 1175 3148 mus
1193 3099 1276 3158 vos,
1301 3088 1342 3146 ut
1361 3075 1401 3146 in
1422 3075 1637 3166 iudicando,
1667 3105 1734 3172 pro
1758 3095 1874 3154 vestm
1897 3079 2098 3174 prudentia,

1096 3177 1284 3268 gravitate,
1308 3190 1342 3248 et
1356 3201 1436 3268 erga
1452 3200 1518 3248 nos
1532 3179 1799 3268 benevolentia,
1822 3185 2013 3266 eandorem
2030 3183 2096 3250 ad-

1095 3277 1266 3366 hibeatis,
1287 3303 1353 3349 nec
1374 3293 1508 3352 veteres
1527 3281 1677 3368 amicos,
1703 3285 1767 3378 qui
1791 3282 2097 3378 ampliusviginti

1095 3405 1209 3456 annos
1229 3402 1376 3472 magnus
1399 3381 1538 3453 labores
1552 3396 1586 3453 et
1601 3385 1698 3456 varia
1713 3387 1905 3456 certamina
1923 3385 2098 3456 sustinui-

1095 3509 1193 3570 mus,
1222 3497 1257 3556 et
1282 3479 1399 3557 adhuc
1422 3485 1656 3570 sustinemus,
1690 3487 1885 3575 damnetis,
1915 3487 2007 3558 sient
2033 3483 2097 3557 alii

1095 3588 1261 3681 quidam,
1295 3585 1358 3678 qui
1384 3585 1483 3658 falsis
1514 3585 1826 3660 criminationibus
1856 3591 1997 3662 rabiose
2028 3609 2096 3658 nos

1095 3691 1330 3760 insectantur:
1381 3685 1513 3779 quibus
1553 3688 1636 3758 ideo
1669 3713 1745 3760 non
1777 3693 2034 3782 respondemus
2050 3685 2114 3784 ¹),

1094 3815 1140 3861 ne
1165 3805 1237 3861 tam
1265 3787 1357 3860 tristi
1383 3799 1543 3898 tempore
1563 3791 1646 3860 odia
1669 3804 1703 3862 et
1725 3793 1874 3864 dissidia
1899 3792 2011 3894 magis
2037 3791 2096 3864 in·

1094 3895 1331 3962 flammentur.
1388 3887 1550 3960 Primum
1581 3905 1699 3964 autem
1720 3895 1822 3967 vobis
1846 3893 2096 3987 significamus,

1091 3993 1160 4068 Dei
1183 3990 1374 4078 beneficio,
1397 4017 1517 4064 vocem
1540 3995 1725 4068 doctrinae
1746 3994 1892 4070 eandem
1914 3999 1953 4070 in
1968 3991 2095 4068 Eccle-

1092 4097 1161 4168 siis'
1175 4095 1306 4166 nostris
1328 4107 1362 4166 et
1377 4088 1581 4172 Academiis,
1605 4114 1753 4184 souare,
1777 4125 1885 4194 quam
1905 4113 1959 4174 tot
1978 4121 2093 4178 anuo-

1091 4223 1171 4272 rum
1206 4194 1382 4271 consensu
1413 4198 1606 4286 vobiscum¹
1630 4199 1859 4291 profitemur,
1911 4215 1947 4274 et
1985 4221 2092 4294 quam
2127 4289 2130 4294 Ι

1091 4325 1188 4372 nssnc
1211 4299 1250 4369 in
1263 4311 1381 4370 ,vestra
1402 4299 1622 4370 consessione
1638 4303 1878 4392 propugnatis.
1928 4299 2092 4394 C'umqne

53 4471 224 4553 ebrinum
236 4480 411 4554 Ectktlss
427 4501 584 4571 ¹1⁰⁸lffl⁸s
605 4481 904 4586 'wtsffllfflqm
916 4489 1037 4561 ⁰⁰¹⁰st
1091 4529 1182 4591 esse,
1196 4518 1230 4576 et
1247 4497 1768 4600 perpetuamveraqucelesiae
1781 4506 2012 4588 senteutiam,
2029 4504 2089 4572 ni-

50 4583 321 4670 committamus,
347 4609 428 4656 cum
448 4587 663 4661 incessanter
683 4591 722 4660 in
744 4585 801 4667 his
815 4593 963 4664 summis
979 4615 1040 4662 cx·
1090 4601 1144 4680 hil
1159 4608 1197 4678 in
1215 4630 1255 4676 eo
1274 4625 1431 4696 uuquam
1447 4602 1618 4674 mutaturi
1633 4624 1775 4692 sumus,
1792 4630 1892 4680 aene
1906 4605 1994 4701 qnid
2007 4629 2091 4680 mu.

50 4684 232 4780 tremirque
263 4686 451 4779 periculis,
483 4691 751 4765 difficultatibus
772 4706 806 4766 et
827 4693 1036 4766 calamitati·
1091 4723 1225 4780 santur
1244 4707 1283 4776 in
1297 4701 1460 4788 doctrina
1479 4715 1513 4774 et
1528 4701 1711 4796 Liturgia,
1733 4708 1924 4780 acerrimae
1937 4720 2088 4798 eonten-

48 4777 111 4902 bus
127 4785 334 4860 invocemus
349 4813 490 4862 necesse
505 4807 574 4876 est,
600 4817 812 4892 oremusque
830 4796 1037 4869 ardentibus
1088 4812 1204 4882 tiones
1238 4797 1439 4876 nobishoc
1468 4803 1546 4900 ipso
1578 4830 1674 4880 annu
1700 4833 1780 4882 cum
1804 4809 1985 4904 aliquibus
2008 4811 2122 4896 stre-e⁴

48 4897 148 5002 potis,
173 4901 215 4958 ut
236 4889 514 4976 incolumitatem
536 4891 714 4967 Ecclesiae
738 4921 839 4984 sose,
863 4923 970 4994 qnam
992 4899 1037 4968 sb
1089 4925 1192 4996 runo,
1217 4911 1278 5003 qui
1292 4908 1466 4999 ingeniis,
1490 4908 1692 4982 eruditione
1706 4925 1741 4984 et
1756 4911 1944 4985 autoritate
1966 4913 2007 4983 in
2030 4905 2087 4980 his

48 4989 282 5062 mitiomundi
297 4993 364 5062 sub
378 4993 486 5064 variis
499 4998 802 5087 persecutionibus
818 5001 886 5072 sibi
900 5021 1038 5091 semper
1089 5011 1295 5104 regionibus
1319 5011 1506 5084 mellona.
1565 5009 1674 5100 Quod
1702 5037 1782 5084 cum
1805 5015 1852 5085 ita
1874 5017 1940 5102 sit,
1966 5024 2087 5088 entem

48 5087 204 5180 ‘⁰llt'ssll,
231 5091 389 5165 defendit
410 5109 446 5168 et
467 5097 638 5180 fimavit.
665 5100 770 5169 etiam
794 5125 892 5178 nunc
911 5103 951 5174 in
969 5123 1037 5194 po-
1088 5139 1163 5186 non
1189 5101 1339 5186 obscura
1365 5111 1566 5212 testimonia
1592 5127 1735 5185 nostrae
1757 5117 2007 5204 confessionis,
2044 5139 2086 5186 ac

47 5191 177 5262 uremis
198 5185 257 5260 bis
278 5195 504 5306 tenebrarum
524 5199 689 5292 procellis
713 5201 904 5294 custodiat,
935 5217 1035 5276 tuea—
1087 5217 1272 5314 aliquanto
1288 5217 1422 5287 maiora
1442 5213 1525 5285 odis
1548 5226 1584 5285 et
1603 5215 1762 5308 pericula
1776 5219 1938 5292 subimus
1959 5220 2001 5290 in
2018 5215 2084 5290 tali

45 5299 98 5359 tur
117 5305 151 5362 et
175 5309 290 5368 servet
310 5309 411 5389 pater
425 5301 602 5388 coelestis,
626 5314 773 5395 pmpter
796 5327 900 5378 suurn
921 5303 1034 5376 ilium

39 5391 261 5478 unigenitum
291 5395 408 5469 lesum
434 5397 636 5492 Clu-istum,
669 5403 734 5500 qui
760 5407 855 5480 adsit
879 5407 981 5488 robis
1000 5417 1036 5476 et

36 5491 132 5564 uobis
144 5496 324 5574 omnibus
337 5497 476 5600 Spiritu
498 5529 563 5580 suo
582 5519 723 5598 senno,

1086 5373 1293 5392 ψ

747 5507 783 5580 d.
805 5509 815 5528 .
1123 5465 1150 5536 t)
1168 5477 1226 5514 oon
1239 5463 1443 5528 respondemus
1456 5465 1519 5514 test.
1533 5456 1615 5532 prim.
1631 5466 1657 5514 et
1671 5460 1733 5516 eod.
1747 5461 1811 5546 lius.
1846 5459 1934 5518 Persi.
1953 5462 2082 5515 mudum

772 5523 946 5607 urgetque
965 5530 1037 5580 1¹⁰·
1149 5535 1362 5602 respondemus.
1394 5528 1478 5588 eece
1492 5529 1848 5601 mssdsmrrspsodsmqs.
1873 5604 1875 5609 Ι

1090 4403 1242 4484 sciamus
1263 4397 1356 4472 hanc
1381 4401 1580 4472 doctrinam
1607 4415 1791 4474 aeteruum
1815 4383 1888 4476 Dei
1911 4407 2091 4474 decretum
2190 4437 2192 4442 ·
2219 4495 2222 4502 ,
