4730 6202
260 312 333 398 996
847 301 1278 383 EPISTOLARUM
1328 309 1433 385 ttn
1458 307 1542 386 llll.
1586 301 1723 386 9559.
2203 313 2253 386 stt

192 556 207 591 a
257 509 391 560 rarum.
444 482 631 555 Ministros
647 476 833 568 Evangelii
845 503 923 550 non
939 481 1053 549 solum
1069 479 1178 571 Regis
1189 507 1276 554 au-⁴
1309 505 1371 550 nes
1389 483 1432 551 de
1449 481 1678 571 poenitentia.
1727 468 1853 552 Postea
1871 467 1960 576 quae
1977 483 2255 573 piorumetdoeto-

260 589 383 658 toritas
403 590 462 655 sed
487 586 593 656 etiam
609 583 731 674 populi
743 581 990 656 benevolentia
1002 595 1136 654 tuetur.
1185 581 1258 652 Po-
1310 607 1389 654 rum
1407 585 1550 668 iudicia,
1576 609 1665 676 quae
1677 571 1796 654 studia
1811 587 2002 654 molucrum
2017 585 2158 674 gentium
2172 599 2255 654 serata

261 691 385 781 pulum
411 711 493 762 vero
511 700 545 758 et
563 685 785 774 singulorum
799 684 960 755 fortunas
976 685 1134 755 defendit
1149 682 1276 777 Regis,
1308 686 1380 756 sint
1400 709 1475 754 non
1500 677 1689 764 obscurum
1714 699 1776 758 est.
1834 684 1952 756 Huius
1970 682 2113 755 Htaeat
2131 699 2255 755 maneat

262 791 412 862 iusticia.
1275 866 1278 881 .
1309 787 1398 854 aliae
1411 789 1543 856 multae
1559 788 1749 857 sententiae
1763 789 1910 878 scriptae
1926 803 2017 862 suut.
2067 785 2164 857 Anno
2176 787 2254 858 1600.

362 890 460 960 Haec
482 890 575 956 bona
590 911 671 957 cnm
688 899 821 954 certum
838 885 882 953 sit
899 907 918 953 a
936 882 1012 954 Deo
1026 887 1154 968 tribui,
1178 905 1258 974 gra·
1308 889 1358 957 ait
1383 889 1419 955 in
1435 887 1580 980 Eaaropa
1605 890 1767 958 universa
1794 903 2021 978 regnaturum
2036 913 2105 958 esse
2117 885 2255 957 hominen

261 993 327 1064 tias
350 994 382 1062 ei
405 1003 478 1060 toto
502 1002 641 1080 pectore
661 1010 724 1076 ago
750 1009 831 1056 ctam
853 985 932 1054 aliis
951 987 1091 1075 multis,
1124 1000 1256 1058 etcum
1309 991 1570 1076 saevissimum3
1603 1005 1635 1060 et
1659 1015 1739 1059 ntox
1764 990 1799 1057 iu
1823 991 1957 1086 pagella
1979 992 2084 1059 altera
2106 991 2202 1081 inquit
2219 1014 2255 1057 re·

262 1118 344 1178 oro,
381 1105 421 1161 ut
448 1115 584 1180 semper
605 1103 639 1160 et
660 1082 852 1156 Ecclesiam
876 1087 970 1156 inter
992 1111 1054 1157 vos
1080 1101 1278 1171 aeternam,
1311 1090 1721 1180 guaturos'esseGoget
1741 1089 1980 1181 Magoganno
2001 1091 2109 1164 1606.
2153 1087 2257 1182 Opinoi

262 1192 421 1282 colligat,
454 1206 487 1260 et
508 1192 660 1261 similem
681 1190 976 1278 gubernationem
997 1191 1258 1288 vobistribuat,
1310 1207 1484 1289 utranque
1507 1193 1782 1283 praedictionem
1807 1195 1851 1262 de
1871 1193 1999 1263 Turris
2022 1193 2126 1287 loqui.
2171 1192 2224 1262 set
2239 1193 2259 1258 si

261 1298 357 1389 quod
379 1320 419 1364 eo
436 1293 541 1363 etiam
558 1307 661 1382 opto,
696 1287 1258 1382 quiainGermaniadistractio-
1309 1295 1468 1362 diversae
1492 1307 1610 1385 gentes
1632 1295 1836 1384 peregrinae
1858 1307 1891 1364 et
1918 1296 2087 1364 barbarae
2102 1294 2259 1382 significan-

260 1421 323 1490 nes
338 1393 576 1466 Ecclesiarum
591 1393 762 1486 paulatim
779 1392 870 1460 filant
885 1394 1091 1478 atrociores,
1114 1405 1151 1471 et
1165 1393 1258 1467 bella
1309 1408 1386 1477 tur,
1412 1419 1501 1486 quae
1524 1394 1633 1462 simili
1654 1397 1860 1466 crudelitate
1872 1393 2054 1486 Europam
2070 1397 2259 1464 vastabuntct

260 1499 364 1568 andis
386 1497 538 1587 ingeniis
560 1497 639 1586 plus
662 1494 825 1564 licentiae
841 1498 1046 1564 concedent.
1099 1491 1155 1566 Ad
1174 1491 1281 1573 baec,
1311 1497 1405 1566 iuter
1422 1513 1495 1565 sese
1512 1495 1751 1584 dimicabunt,
1776 1499 1857 1588 plus
1873 1499 1940 1568 erit
1956 1498 2191 1569 calamitatum.

262 1602 291 1669 si
308 1599 455 1669 Tuscici
479 1599 648 1667 exercitus
673 1595 711 1662 in
729 1591 959 1667 Germaniam
984 1597 1145 1681 venient,
1171 1621 1258 1688 qua·
1412 1595 1509 1666 llaec
1539 1597 1630 1665 mala
1658 1597 1727 1666 iam
1757 1600 1880 1688 procul
1909 1599 2070 1682 intuens,
2103 1619 2258 1692 quanquam

261 1704 306 1772 lis
322 1703 465 1772 vastitas
482 1699 573 1768 erit?
623 1693 832 1788 Optandurn
850 1703 907 1766 est
919 1697 1043 1786 igitur,
1073 1715 1112 1767 ut
1129 1698 1258 1766 alicubi
1311 1723 1385 1766 non
1403 1699 1548 1786 longum
1566 1713 1704 1788 tempus
1720 1713 1787 1784 est,
1821 1725 1899 1768 cum
1915 1714 2055 1771 tantum
2073 1701 2115 1768 ab
2128 1696 2259 1770 bocanno

261 1801 418 1874 Ecclesia
436 1801 562 1870 nidum
577 1813 611 1870 et
624 1797 820 1892 Halcyonia
839 1795 986 1882 habeat,
1013 1799 1073 1868 ubi
1092 1801 1258 1890 frequen·
1311 1811 1440 1868 restent
1454 1802 1498 1868 ad
1514 1801 1763 1891 praedictionis
1777 1825 1964 1870 ntttnerum
1980 1802 2068 1870 anni
2082 1801 2149 1884 lli,
2171 1795 2261 1869 cohor-

263 1909 310 1974 tia
327 1916 418 1974 recte
435 1903 655 1972 eruditorum
672 1923 745 1970 esse
761 1901 882 1990 possit,
901 1901 963 1994 qui
979 1901 1070 1970 inter
1085 1925 1158 1970 sese
1174 1909 1259 1968 con-
1313 1925 1407 1970 resco
1428 1914 1501 1970 toto
1526 1925 1690 1992 corpore,
1724 1903 1822 1994 quasi
1845 1903 1914 1970 iam
1938 1927 2086 1971 centens
2108 1919 2139 1972 et
2155 1901 2260 1970 urbium

260 2003 609 2081 ierant'sententias‚
638 2016 670 2071 et
690 2013 812 2090 regant
827 2003 943 2070 studia
959 2003 1109 2074 aliorum
1127 2017 1159 2072 et
1175 2027 1259 2070 con·
1311 2003 1475 2072 incendia
1498 2015 1533 2071 et
1549 1997 1703 2097 ἐρείπια,
1731 2003 1993 2093 templorum-et
2006 2000 2193 2073 scltolamm
2205 2001 2260 2070 soli·

263 2108 351 2176 silia.
403 2105 442 2176 Si
457 2107 519 2198 qui
536 2121 652 2174 autem
668 2103 782 2171 securi
796 2105 1008 2187 existimant,
1032 2129 1106 2174 non
1123 2103 1258 2194 impeu-
1312 2105 1470 2190 tudioes,
1512 2104 1550 2171 in
1583 2099 1638 2172 bis
1660 2104 1790 2173 uostris
1812 2105 1946 2174 nidulis
1967 2121 2132 2196 vagantes
2153 2103 2261 2184 Tarsos,
2301 2095 2302 2100 ἵ

263 2212 346 2276 dere
370 2231 514 2296 magnas
537 2206 767 2295 imperiorum
791 2205 1013 2274 confusiones
1037 2219 1071 2276 et
1095 2206 1259 2276 vastatio·
1313 2203 1481 2276 Tartaros
1506 2218 1566 2274 aut
1582 2203 1719 2288 iberos,
1746 2205 1826 2296 qui,
1852 2206 1966 2274 deleta
1983 2231 2068 2276 vera
2085 2205 2260 2276 doetrinade

263 2333 346 2393 nes,
373 2305 430 2390 lai,
458 2323 497 2378 ut
521 2332 593 2374 non
610 2307 723 2375 dicam
741 2307 784 2373 de
802 2305 904 2374 bellis
919 2307 1145 2396 germanicis,
1172 2307 1259 2374 vici·
1313 2304 1405 2386 Deo,
1437 2305 1579 2375 abolitis
1604 2305 1926 2394 omnibuslegibus
1950 2322 1984 2376 ct
2001 2309 2261 2399 disciplinaenu·
2301 2303 2302 2364 l

264 2435 346 2479 nam
363 2407 585 2478 Pannoniam
608 2409 830 2492 intueantur,
862 2433 903 2476 ox
925 2432 993 2501 qua
1015 2433 1087 2478 non
1113 2421 1163 2478 est
1185 2432 1258 2476 cre·
1314 2409 1382 2490 vis,
1426 2409 1587 2478 omnium
1629 2409 1796 2476 scelerum
1832 2409 2082 2500 impunitatem
2115 2405 2261 2478 habebunt.

264 2513 372 2582 dibile
406 2513 500 2581 ultro
527 2511 632 2578 nobis
658 2533 814 2578 cessuros
841 2533 914 2577 esse
942 2507 1096 2593 Tuscos,
1134 2522 1194 2577 aut
1220 2533 1258 2576 ea
1313 2507 1391 2595 Qua
1414 2509 1451 2578 in
1466 2509 1694 2598 cogitatione,
1721 2533 1799 2576 eum
1819 2525 1963 2600 propter
1979 2511 2116 2581 doloris
2130 2509 2260 2598 magnitn·
2301 2577 2302 2580 ,

263 2637 406 2705 prorsus
439 2625 605 2702 occupata
631 2634 706 2678 non
734 2609 771 2678 in
796 2607 1027 2679 Germaniam
1050 2609 1260 2678 transituros
1312 2611 1432 2681 dinem
1452 2634 1508 2679 me
1533 2611 1578 2678 ab
1601 2605 1668 2678 hoc
1694 2611 1785 2680 tristi
1801 2613 1996 2702 spectaculo
2015 2632 2261 2697 romenengo,

263 2739 347 2786 csse.
387 2711 459 2784 lam
477 2725 802 2805 quoqueccrtorum
821 2707 1006 2780 hominum
1025 2712 1137 2780 literis
1150 2711 1259 2800 signi-
1312 2713 1356 2780 ad
1382 2725 1432 2796 te,
1471 2711 1521 2780 fili
1544 2709 1632 2795 Dei,
1665 2709 1818 2780 Domine
1844 2711 1920 2782 lesu
1944 2707 2106 2796 Christe,
2142 2711 2261 2780 crucifixe
2301 2759 2302 2814 a

263 2819 403 2898 ficator,
426 2837 572 2902 magnos
589 2810 1259 2889 etTartaricosetTurricosexereitus
1312 2837 1375 2902 pro
1398 2814 1504 2882 nobis
1528 2827 1561 2882 et
1582 2813 1803 2897 resuscitate,
1836 2838 1893 2885 me
1915 2813 2085 2885 convert'o
2106 2829 2198 2906 teque
2215 2835 2261 2890 ora
2301 2849 2302 2882 t

262 2917 402 2992 adduci.
455 2915 537 2986 Scio
562 2915 673 2983 rideri
688 2915 854 3005 prodigia
877 2927 911 2983 et
935 2913 1119 2997 vaticinia,
1150 2927 1190 2984 ut
1208 2915 1259 2982 ri·
1312 2938 1356 2983 ue
1380 2937 1445 2984 nos
1467 2914 1506 2982 in
1528 2909 1595 2986 bao
1618 2915 1782 3004 languida
1806 2931 1941 2985 senecta
1964 2919 2120 3001 deseras,
2152 2913 2261 2983 sediu-

263 3020 393 3088 dcntur
409 3040 429 3086 a
447 3017 562 3107 procis
579 3014 788 3105 Penelopes,
814 3017 906 3106 apud
921 3013 1128 3085 Homerum.
1181 3011 1258 3105 Ego
1311 3039 1431 3086 mensa
1451 3016 1610 3086 bonitate
1631 3031 1689 3086 tua
1714 3012 1777 3086 has
1793 3039 1923 3108 poenas
1939 3017 2046 3088 nobis
2063 3033 2096 3088 et
2111 3013 2262 3112 posteritati

263 3135 398 3209 tannen,
440 3117 577 3189 etiamsi
601 3117 746 3186 timidus
777 3129 838 3186 ant
860 3117 1125 3207 superstitiosus
1151 3118 1258 3201 dicar,
1310 3119 1442 3204 lenias,
1471 3119 1555 3188 etin
1571 3114 1627 3187 his
1643 3117 1847 3206 regionibus
1863 3112 2039 3188 Ecclesiae
2053 3134 2088 3190 et
2103 3110 2262 3188 earnmlo·
2301 3109 2302 3114 ¹

262 3223 353 3291 fateo
371 3243 427 3299 me
442 3220 567 3290 talium
583 3219 741 3288 virorum
759 3217 936 3288 vaticiniis
951 3221 1097 3301 mevam,
1124 3220 1159 3286 in
1179 3219 1257 3312 qui·
1309 3220 1412 3310 spitia
1428 3233 1597 3312 protegat.
1637 3217 1854 3288 Haecetiam
1872 3220 2261 3292 nonvanaraticiniare

262 3327 329 3400 bus
346 3321 553 3411 significatio
570 3333 621 3388 est
635 3319 749 3388 divini
766 3319 920 3412 spiritus.
952 3319 1035 3391 Fuit
1050 3333 1130 3390 ante
1145 3341 1258 3388 annos
1310 3322 1390 3406 cito,
1414 3335 1454 3391 ut
1468 3321 1627 3410 pluribus
1640 3335 1722 3390 nota
1738 3319 1820 3406 sint,
1846 3321 1995 3392 etmulti
2010 3325 2054 3392 ad
2071 3321 2261 3418 precationem

262 3427 333 3492 fere
351 3436 490 3492 centum
507 3423 549 3492 iu'
562 3421 694 3512 oppido
711 3417 930 3509 Thuringiae
947 3419 1116 3491 Isennaca
1132 3421 1166 3487 iu
1184 3423 1259 3490 col·
1310 3425 1538 3507 accendatur,
1564 3423 1676 3516 aliqui
1698 3423 1802 3490 etiam
1819 3423 1993 3495 admoniti
2010 3425 2217 3494 considerent
2229 3441 2262 3484 se·

262 3525 352 3609 legio
376 3523 692 3594 Franciscanorom
714 3525 770 3590 vir
790 3523 904 3592 dictus
927 3517 1119 3590 Iohannes
1135 3519 1258 3592 Hilte—
1310 3524 1404 3593 mina
1419 3539 1453 3593 et
1466 3518 1785 3621 προκαταρκτικᾶς
1799 3547 1918 3594 causas
1930 3537 2109 3596 tantarum
2124 3520 2261 3595 calamita·

263 3625 366 3710 aius,
392 3625 455 3718 qui
478 3649 557 3696 cum
581 3625 782 3694 eruditione
808 3637 841 3692 et
863 3624 990 3714 pietate
1012 3625 1135 3694 ceteris
1159 3639 1257 3694 aate-
1309 3639 1405 3704 taam,
1436 3639 1469 3695 et
1493 3625 1565 3695 sint
1586 3625 1829 3699 modestiores.
1879 3621 1943 3696 Est
1967 3641 2001 3697 et
2026 3627 2208 3697 terribilior
2224 3641 2260 3688 et·

188 3724 190 3728 ’
263 3728 421 3810 calleret,
461 3726 685 3794 absur‹·liores
713 3725 981 3816 superstitiones
1005 3741 1090 3795 tunc
1116 3749 1256 3818 qaactque
1310 3727 1450 3817 plicatio
1467 3723 1595 3796 borum
1609 3727 1858 3798 vaticiniorum
1875 3727 1994 3798 addita
2012 3729 2123 3822 ipsius
2136 3721 2261 3797 mauolt

262 3849 388 3915 magna
408 3828 579 3914 gravitate
605 3827 743 3900 taxavit.
795 3824 827 3894 ls
849 3849 929 3896 cum
952 3829 1020 3896 alia
1045 3829 1153 3896 multa
1178 3851 1257 3915 pre-
1309 3841 1484 3920 tempore,
1526 3851 1631 3924 qnam
1666 3829 1728 3897 diu
1756 3827 1906 3898 Turcica
1935 3831 2098 3923 tyrannis
2123 3827 2261 3915 Europam

263 3930 352 3998 dixit
374 3930 417 3996 de
441 3924 566 3998 barum
584 3927 767 4016 regionum
784 3928 1041 4002 calamitatibus
1059 3952 1147 4022 quas
1165 3929 1256 3998 vidi·
1309 3930 1482 4024 reliquam
1512 3943 1687 3998 vastatura
1716 3929 1771 4002 sit.
1831 3927 1902 4000 Sed
1932 3931 1985 4000 fui
2015 3933 2156 4022 longior
2174 3929 2204 3996 in
2220 3919 2261 3992 bet

263 4053 361 4113 mus,
392 4043 469 4100 tum
502 4053 586 4098 vero
613 4029 871 4098 enarrationem
901 4026 1060 4099 Danielis
1091 4030 1255 4122 scriptam
1308 4029 1658 4114 commemoratione,
1691 4053 1795 4127 quarn
1813 4031 1987 4101 volebam.
2039 4031 2260 4103 Necverosum

262 4131 426 4222 reliquit,
459 4131 495 4196 in
519 4153 586 4222 qua
611 4131 719 4200 multa
744 4131 928 4200 annotavit
942 4151 1003 4200 sua
1017 4155 1125 4200 manu
1140 4133 1184 4198 de
1198 4131 1256 4198 in·
1308 4131 1464 4216 Stoicus,
1505 4145 1544 4203 ut
1576 4131 1728 4220 mitigari
1761 4133 1829 4201 fata
1863 4157 1937 4202 non
1966 4156 2069 4226 posse
2098 4131 2260 4205 existiment

263 4233 453 4304 clinatione
469 4229 586 4320 Regni
602 4229 800 4314 Pontificii,
833 4234 877 4300 de
894 4229 1044 4301 'furcica
1058 4232 1256 4322 irruptione
1310 4231 1425 4302 Manita
1458 4233 1665 4324 Principum
1700 4231 1869 4322 sapientia
1904 4235 2009 4304 leniri
2045 4247 2193 4328 possent,
2221 4223 2259 4294 sti

262 4335 301 4402 in
319 4329 547 4402 Germaniam
572 4345 605 4400 et
625 4335 669 4400 de
684 4333 764 4402 aliis
781 4357 970 4423 regnorum
990 4335 1255 4406 mutationibus.
1309 4335 1442 4404 etiamsi
1466 4336 1570 4404 multi
1593 4348 1702 4404 ruunt
1724 4333 1762 4402 in
1780 4357 1928 4426 poenas,
1954 4349 2073 4406 tamen
2088 4333 2205 4404 alicubi
2218 4325 2259 4394 ali·

261 4433 315 4530 De
330 4433 495 4506 Romano
515 4432 684 4502 Pontifiee
706 4459 864 4523 expresse
882 4435 1027 4526 'scripsit
1039 4437 1178 4506 circiter
1192 4457 1256 4504 an·
1308 4461 1459 4528 quorum
1481 4435 1699 4525 diligentiam
1721 4435 1940 4526 profuturam
1955 4461 2028 4508 esse
2042 4436 2168 4530 patriae
2182 4449 2260 4524 spem·

262 4561 349 4606 num
365 4561 384 4606 a
399 4535 517 4607 Natali
532 4531 663 4604 Christi
683 4533 790 4607 1616.
806 4535 947 4606 initium
962 4539 1038 4606 fore
1053 4537 1257 4608 inclinatio·
1308 4537 1380 4606 Nec
1399 4538 1494 4605 filius
1509 4535 1575 4608 Dei
1593 4535 1732 4608 Stoicus
1755 4550 1823 4620 est,
1850 4537 1911 4628 qui
1934 4537 2140 4610 tristissimis
2155 4529 2259 4603 concie

262 4638 317 4708 nis
343 4637 521 4726 potentiae
535 4634 690 4706 Romani
713 4635 914 4717 pontificis,
949 4653 982 4707 et
999 4663 1074 4709 eam
1092 4641 1257 4729 deinceps
1308 4639 1414 4708 nibus
1436 4637 1508 4708 suis
1525 4640 1569 4706 de
1583 4631 1649 4706 hac
1666 4637 1740 4728 ipsa
1759 4639 1885 4706 usundi
1903 4655 2038 4710 senecta
2057 4635 2145 4708 hanc
2160 4625 2259 4706 addidi

261 4740 371 4832 magis
397 4737 578 4830 magisque
598 4738 772 4806 ruituram
794 4761 886 4822 esse,
919 4761 984 4808 nee
1008 4743 1163 4812 futuram
1183 4763 1257 4810 esse
1308 4739 1600 4809 consolationem:
1630 4739 1728 4808 iubet
1745 4759 1810 4807 nos
1830 4741 1984 4834 precari,
2010 4765 2056 4810 ne
2069 4735 2124 4810 his
2139 4751 2258 4807 commu·

262 4840 522 4928 restitutionem
553 4838 723 4928 pristinae
756 4839 954 4911 autoritatis
982 4856 1043 4912 aut
1068 4843 1256 4934 potentiae.
1309 4841 1414 4908 nibus
1435 4839 1537 4908 malis
1558 4841 1819 4934 opprimamur3
1846 4841 1999 4912 servabit
2012 4843 2120 4932 igitur
2135 4858 2204 4910 suos
2216 4827 2258 4898 ell-

262 4940 340 5013 Hoc
364 4941 572 5010 vaticinium
595 4963 674 5008 cum
693 4955 838 5010 eventus
854 4944 1155 5031 comprobaverit,
1181 4965 1257 5012 non
1308 4964 1397 5034 quos
1420 4941 1540 5012 ‘coetus
1563 4942 1656 5011 iuter
1676 4937 1738 5010 has
1762 4941 1992 5032 imperiorum
2014 4945 2143 5014 ruinas.
2184 4931 2222 5004 Et
2233 4937 2257 4996 1¹¹

263 5054 450 5114 contemno
475 5056 625 5114 caeteras
646 5040 721 5110 eius
744 5043 1010 5133 praedictiones.
1061 5045 1153 5116 Nota
1173 5057 1257 5116 sunt
1309 5057 1433 5128 servet,
1456 5043 1662 5114 ardentibus
1676 5043 1766 5112 votis
1781 5067 1861 5112 enm
1875 5067 2026 5114 oremus.
2058 5033 2257 5115 simusetian

263 5143 357 5221 enim
382 5142 483 5212 initia
510 5142 741 5212 certaminum
763 5138 931 5226 Lutheri,
962 5146 1000 5212 in
1025 5147 1255 5239 quibuscum
1308 5168 1404 5214 nunc
1427 5144 1464 5214 in
1489 5146 1649 5214 docendo
1670 5159 1704 5216 et
1726 5143 1766 5212 in
1788 5145 1950 5214 fovendis
1965 5136 2256 5224 Ecclestisdiliae

262 5245 346 5317 tetri
364 5265 501 5314 errores
516 5237 777 5320 Monechotom
798 5259 833 5314 et
849 5242 1060 5316 Pontificum
1080 5247 1189 5317 taxati
1203 5269 1257 5316 es-
1307 5245 1435 5328 tiores,
1471 5269 1516 5314 ne
1539 5245 1636 5338 prius
1658 5243 1790 5319 nostris
1809 5245 1991 5318 furoribus
2013 5260 2049 5316 et
2066 5237 2205 5317 dissidiis
2217 5252 2256 5346 ‘i'

263 5360 358 5429 sent,
395 5345 499 5414 valde
533 5344 740 5416 labefactata
775 5359 826 5416 est
858 5345 1027 5416 autoritas
1059 5345 1255 5422 Pontificia.
1307 5347 1495 5436 tinguatur⁴
1511 5347 1572 5420 lux
1593 5347 1794 5432 doctrinae,
1826 5360 1861 5420 et
1882 5359 2036 5420 vastetur
2051 5345 2156 5440 patria
2172 5331 2254 5408 avita

262 5445 353 5527 Nam
378 5469 472 5520 anno
499 5444 608 5520 1517.
631 5445 789 5537 primum
814 5445 929 5517 editae
946 5461 1027 5520 sunt
1042 5449 1256 5543 propositio-
1307 5449 1375 5518 bus
1390 5448 1517 5534 aaron,
1549 5471 1655 5542 quam
1675 5447 1846 5520 Tureicis.
1897 5447 1970 5520 Suo
1987 5449 2093 5541 igitur
2108 5433 2255 5532 locoque
