4730 6202
253 307 350 388 1085
835 297 1276 382 EPISTOLARUM
1327 303 1434 385 atta.
1459 305 1545 388 XII.
1597 305 1729 388 1552.
1764 383 1766 388 ,
2174 313 2243 394 tttt

259 505 358 586 peto,
390 500 431 559 ut
451 483 546 556 libro
568 483 699 554 relecto
724 473 816 552 mihi
840 475 1043 568 significetis
1075 473 1247 546 iudicium
1299 469 1485 548 Simonem
1509 473 1729 576 Myriciam,
1757 493 1792 557 ct
1813 479 1865 552 tui
1890 495 2074 557 amantem.
2119 477 2241 574 ligolio

256 606 427 664 restrum.
478 585 569 664 Nam
588 581 794 655 inamicitia
809 580 949 653 nullum
966 574 1249 666 officiummrgis
1301 601 1374 650 non
1396 595 1466 652 mm
1493 583 1643 672 negotiis
1667 605 1773 677 quam
1801 607 1960 654 mocmre
1986 581 2095 656 adbuc
2114 589 2242 674 retineor,

257 691 493 766 necessarium
508 703 562 758 est
575 701 696 756 rnutua
711 683 1067 766 commonefactioue,
1094 701 1249 769 praeser-
1300 703 1378 750 cum
1396 683 1547 772 collegae
1563 681 1912 778 pleriquerlrgcliam
1931 689 2072 776 proiecti
2087 689 2159 760 sint.
2179 687 2243 759 tta.

259 797 324 869 tim
342 795 381 864 in
395 789 628 884 explicatione
644 785 826 856 doctrinae
845 787 889 854 de
902 781 997 868 Deo,
1023 797 1058 854 et
1080 779 1168 864 scis,
1191 801 1249 847 mc
1301 795 1336 850 to
1346 784 1542 875 exemplum
1561 785 1643 854 libri
1655 784 2155 880 deEcclesiisMegapolitanis,
2168 817 2244 882 qum

260 921 337 968 non
370 883 522 965 libenter
545 880 822 983 ἰδιοβουλεύειν.
872 883 1021 976 Scripsi,
1058 905 1123 952 uos
1144 879 1248 964 velle,
1302 884 1409 953 velim
1443 899 1478 955 te
1511 881 1677 957 exhibere
1701 887 1913 960 Reverendo
1946 891 2022 960 viro
2043 889 2086 960 D.
2108 886 2246 985 Sammo,

257 1013 301 1071 ut
313 1021 385 1070 uuo
399 1007 435 1066 et
451 994 573 1064 eadem
584 981 781 1082 κατηχήσω
795 1010 917 1058 omues
929 981 1069 1056 scholae
1085 994 1247 1067 utantur3
1300 1009 1404 1078 quem
1420 1009 1496 1074 oro,
1524 1001 1566 1058 ut
1580 989 1744 1082 inspiciat
1758 984 1806 1060 τὰ
1821 984 2050 1087 δογματικοὶ,
2077 1007 2107 1062 et
2122 988 2196 1060 mibi
2208 995 2246 1062 iu-

258 1099 396 1172 nullam
418 1090 621 1178 nominavi,
652 1092 756 1185 quia,
787 1089 853 1160 etsi
876 1088 1009 1160 multae
1033 1098 1169 1168 extant,
1193 1095 1248 1155 ta-
1299 1087 1433 1157 dicium
1464 1111 1566 1158 suum
1601 1091 1783 1182 significet.
1843 1089 1940 1160 Bene
1969 1109 2003 1164 et
2026 1093 2165 1164 feliciter
2185 1097 2249 1179 vale,

253 1201 502 1273 mensormam
525 1195 564 1264 in
583 1189 715 1266 scholis
728 1190 834 1260 aliam
850 1189 1005 1283 reqrflo.
1055 1183 1246 1273 Academia
1299 1188 1357 1258 die
1370 1191 1432 1263 ΩΟ.
1453 1188 1547 1260 lulli.

257 1295 546 1398 Marprrrgensis
569 1309 650 1366 ante
673 1292 857 1364 biennium
879 1291 925 1360 ad
947 1315 1003 1360 me
1024 1287 1182 1380 scripsit,
1207 1297 1248 1356 ut

255 1407 407 1476 sormam
435 1420 703 1491 componerem3
735 1395 795 1464 sed
823 1393 1062 1484 impedierunt
1091 1409 1246 1458 menon

1811 1291 1999 1388 Philippus
2017 1292 2217 1370 Melanthon.

257 1521 398 1579 tantum
421 1500 688 1592 occupationes,
718 1499 780 1565 sed
810 1493 915 1565 etiam
937 1488 1046 1564 huius
1076 1488 1245 1581 temporis

256 1607 475 1680 calumniosa
488 1600 631 1675 iudicia.
682 1597 736 1668 Tc
758 1609 793 1668 et
815 1588 1002 1666 Davidem
1023 1593 1175 1684 cogitare
1200 1591 1246 1658 dc

256 1713 372 1782 forma
397 1705 523 1788 velim,
547 1703 585 1772 iu
610 1721 679 1794 qua
703 1702 839 1790 primae
861 1694 966 1768 aetati
983 1697 1098 1767 sontes
1114 1691 1246 1763 doctri·

258 1814 327 1882 nlie
343 1819 592 1903 proponuntur
609 1802 763 1896 propriis
780 1813 815 1870 et
829 1798 1026 1868 illustribus
1049 1797 1165 1866 verbis
1189 1819 1244 1864 rc-

260 1912 369 1986 citati.
420 1907 494 1980 Nec
514 1929 577 1996 ego
602 1928 724 1974 recuso
747 1915 879 1994 partem
907 1899 1037 1970 laboris
1059 1897 1244 1988 susscipere.

255 2013 392 2106 Scripsi
409 2009 514 2082 etiam
530 2022 644 2079 unnet
658 2007 779 2076 eodem
795 1999 1126 2092 librogranrmatiro
1143 2011 1253 2068 utcu--

257 2119 342 2189 dum
357 2137 442 2185 esse.
492 2107 609 2182 Credo
624 2131 737 2177 meam
760 2105 911 2176 sormam
928 2101 1100 2194 pueritiae
1121 2099 1245 2170 utilem

259 2241 350 2302 esse,
373 2215 434 2286 scd
449 2209 606 2307 syntaxis
617 2208 768 2278 nimium
781 2219 882 2278 aucta
900 2217 970 2289 est,
994 2227 1063 2298 qua
1079 2203 1123 2272 cle
1139 2223 1247 2270 reve-

260 2319 323 2389 lim
342 2339 406 2386 vos
426 2337 505 2386 cum
522 2305 692 2382 Arnoldo
704 2304 871 2380 Burenio
891 2307 1100 2378 deliberare.
1150 2301 1246 2372 Tuas

260 2419 381 2491 literas
403 2430 438 2488 et
459 2417 504 2485 de
529 2409 585 2485 his
601 2409 918 2483 deliberationibus
939 2421 975 2477 et
990 2408 1035 2476 de
1048 2404 1127 2476 aliis
1141 2403 1247 2474 rebus

259 2521 382 2612 flagito
404 2533 438 2590 et
460 2528 612 2608 expecto.
661 2510 913 2603 Imperatorem
938 2497 1119 2580 Carolum
1142 2504 1247 2576 audio

260 2647 336 2693 nun
357 2619 450 2692 llecti
477 2639 577 2710 posse
601 2617 647 2686 ad
668 2635 811 2706 pacem,
843 2633 1047 2711 quanquam
1072 2608 1179 2677 irater
1205 2605 1248 2674 ad

261 2749 343 2796 eum
363 2721 526 2804 omlis
557 2718 619 2811 ‘lui
642 2739 734 2786 ⁵²⁹¹⁰
759 2715 820 2784 (Μ
842 2735 1003 2803 ⁰l'ffl'm’
1029 2725 1088 2794 ω’
1110 2701 1167 2778 ¹¹¹⁸
1192 2720 1251 2827 φ’
1300 2761 1462 2845 nautico,
1486 2762 1550 2856 qui
1564 2765 1608 2833 ad
1624 2763 1806 2858 Principes
1823 2767 1860 2836 in
1876 2771 2072 2844 solitudine
2082 2775 2203 2872 Lybica
2217 2804 2258 2848 ιι

252 2825 433 2897 moltibus
459 2820 605 2901 sedatis,
638 2815 749 2888 Tucci
776 2814 954 2906 pellantur
987 2836 1029 2882 ex
1051 2809 1250 2882 Pannonia.

255 2924 368 2996 Nunc
390 2919 644 2994 Francoiordia
666 2920 708 2988 ad
730 2915 903 2986 Moenum
929 2913 1116 2985 obsidione
1139 2912 1250 2982 cincta

262 3041 325 3102 est
357 3021 513 3098 Oremus
528 3022 640 3090 filium
655 3017 798 3104 Dei,nt
814 3041 933 3110 pacem
946 3015 1120 3090 restituat.
1154 3009 1251 3082 Bene

259 3129 351 3206 vale.
401 3127 465 3202 20.
480 3121 576 3196 lulli.

1003 3245 1203 3341 Philippus.

272 3513 799 3536 “W'fflm

1124 3709 1182 3772 to.
1195 3699 1251 3766 lul.

1122 3793 1241 3820 Μ

232 3677 241 3688 “
279 3707 346 3780 uo.
370 3701 483 3780 otoo.

265 3805 492 3836 m

496 3911 501 3920 '
607 3899 674 3988 1ο.
699 3897 913 4042 ἱδιιζᾳοὶἱο.

331 4084 422 4138 nans.
441 4095 504 4151 epp.
519 4073 553 4131 sd
566 4073 660 4146 suget.
672 4089 715 4145 ep.
727 4070 771 4132 ⁷2
807 4069 878 4127 cod.
893 4067 977 4127 Goth.
989 4069 1046 4125 tte
1059 4087 1101 4144 ep.
1117 4070 1177 4129 tta.

259 4248 485 4332 Clarissimo
517 4245 614 4330 viro,
655 4238 798 4340 ingenii
820 4235 1023 4342 felicitate,
1051 4235 1252 4314 eruditione

261 4369 293 4432 et
320 4355 449 4428 virtute
471 4345 697 4450 praestanti,
728 4340 785 4416 D.
814 4339 995 4414 Ioanni
1018 4336 1251 4437 Stigelio,

259 4465 315 4560 τῷ
347 4459 427 4554 Θεῷ
456 4449 521 4527 arai
558 4452 640 4530 ταῖς
680 4439 857 4526 Μούσαις
895 4435 1081 4541 φιλτάτῳ,
1126 4445 1251 4544 fratre

536 4574 605 4623 suo
631 4547 843 4634 carissimo,
869 4543 907 4620 S.
926 4543 971 4617 D.

1329 1522 1483 1534 ..ι-ιιι.-
1500 1524 1642 1534 ¹---·.--.--.·--
1652 1526 1697 1534 -.-
1711 1529 1716 1533 .
1736 1527 1845 1536 -ι--ι-ι--ι
1860 1531 1866 1534 -
1881 1527 1937 1536 ma...-
1950 1527 2069 1538 ..ι-...η
2090 1531 2193 1539 ——n
2205 1533 2225 1540 ,,
2237 1531 2249 1540 o

1630 1863 1687 1948 Ρ.
1719 1866 1972 1958 Vincentio.

1363 2041 1384 2102 1·
1401 2034 1438 2090 Er
1452 2053 1548 2109 apogr.
1562 2035 1590 2092 lu
1604 2037 1667 2094 cad.
1684 2037 1768 2094 Paris.
1782 2042 1817 2097 D.
1828 2039 1860 2098 1.
1875 2042 1947 2098 54².

1300 2199 1437 2278 Petro
1464 2203 1689 2282 Vincenti
1696 2235 1736 2298 o,
1759 2211 1987 2306 gubernanti
2008 2215 2136 2291 stadia
2159 2173 2257 2294 litera
2314 2189 2315 2192 Ἴ

1565 2334 1647 2383 rum
1673 2311 1714 2382 in
1742 2312 1829 2386 urbe
1853 2311 2017 2396 Labeea.

1299 2438 1348 2526 S·
1378 2451 1424 2528 D.
1475 2453 1665 2529 Carissime
1687 2460 1807 2537 trater.
1858 2459 1949 2535 Cum
1976 2491 2117 2541 necesse
2137 2474 2192 2558 sit,
2218 2501 2256 2543 ne

1299 2579 1400 2649 saepe
1418 2557 1540 2628 amicis
1557 2563 1804 2632 commendare
1824 2567 2048 2657 peregrinos,
2071 2575 2174 2645 recito
2189 2600 2256 2644 non·

1300 2681 1483 2752 nunquam
1499 2658 1662 2732 Tritonis
1682 2667 1899 2758 exemplum,
1924 2673 2019 2764 qnod
2047 2689 2100 2745 est
2122 2677 2157 2745 in
2171 2676 2258 2766 Argo

1302 2861 1374 2946 nit,
1412 2861 1531 2956 eisque
1555 2867 1751 2936 suaofficia
1777 2869 1908 2956 desert,
1940 2873 2126 2966 inquiens:
2162 2873 2258 2952 oldas

1302 2959 1417 3035 πολλοὶ
1435 2959 1626 3061 ἄνδρωποι
1644 2965 1844 3060 χατέουσιν
1859 2969 1899 3045 ἐν
1913 2969 2110 3074 dilationi}
2127 2975 2259 3076 aspide·

1302 3089 1360 3146 τις
1375 3061 1557 3164 ἐξερέω.’)
1605 3065 1696 3140 cum
1714 3085 1830 3141 autem
1845 3073 1970 3162 sciam,
1995 3091 2029 3147 te
2050 3083 2163 3152 virum
2179 3085 2259 3154 intel-

1305 3167 1470 3256 ligentem
1494 3181 1529 3238 et
1549 3183 1782 3260 praestantem
1805 3175 1925 3246 omnia
1946 3179 2093 3252 virtutis
2118 3185 2219 3254 oificia
2237 3201 2259 3253 et

1303 3267 1378 3337 iarn
1403 3291 1484 3358 erga
1510 3265 1666 3363 hospites
1691 3273 1848 3345 emditos
1876 3278 2075 3354 officiosum
2106 3309 2188 3368 esse,
2214 3287 2261 3358 tihi

1305 3371 1490 3464 praecipue
1512 3375 1759 3445 commendare
1784 3379 1883 3447 volni
1914 3375 2009 3450 hunc
2038 3380 2222 3457 honestum
2240 3403 2262 3456 rt

1304 3473 1447 3542 doctum
1471 3472 1609 3558 virum,
1637 3469 1902 3549 Tilemannum
1925 3476 2108 3572 Stellam,
2139 3492 2195 3584 qui
2221 3485 2262 3558 bic

1304 3571 1415 3642 edidit
1435 3574 1591 3643 tabulam
1602 3577 1896 3678 χωρογραφικὴν
1912 3585 2087 3677 regionis,
2113 3617 2210 3684 quam
2227 3605 2263 3658 re.
2314 3617 2315 3678 3

1304 3689 1459 3745 uuerttnt
1481 3671 1676 3763 lsraelitae;
1702 3680 1765 3774 qui
1790 3707 1871 3752 cum
1894 3687 1937 3754 nd
1960 3685 2097 3780 chc'm
2115 3689 2261 3762 Danlcun

1305 3775 1531 3867 navigaturus
1553 3777 1616 3864 sit,
1647 3779 1724 3850 istic
1746 3783 1849 3853 etiam
1873 3783 2021 3860 Senatui
2043 3795 2197 3864 tabulam
2216 3799 2262 3864 do

1303 3887 1387 3947 nar'c
1402 3877 1557 3950 decrevit
1579 3881 1624 3949 ad
1640 3885 1835 3954 ornandam
1854 3882 2010 3959 scholam
2027 3909 2190 3971 vestram.
2230 3893 2264 3967 l't

1304 3979 1410 4072 igitur
1423 3979 1525 4066 sciat,
1549 3981 1729 4074 quomodo
1744 3999 1778 4056 et
1790 3987 1846 4056 cui
1862 3983 2061 4066 exhibenda
2080 3999 2143 4084 sit,
2168 4013 2198 4070 te
2210 4021 2263 4078 oro,
2314 4011 2315 4034 ¹

1303 4095 1342 4150 ut
1363 4103 1445 4150 enm
1469 4082 1618 4152 consiliu
1644 4107 1752 4174 regas.
1810 4087 1909 4170 Scis,
1944 4105 1983 4162 ut
2004 4091 2138 4170 Triton
2161 4101 2263 4193 inquit,

1305 4182 1496 4272 peregrinis
1515 4207 1605 4275 opus
1625 4207 1698 4255 esse
1717 4185 1848 4258 civium
1876 4191 2011 4268 officiis.
2071 4197 2120 4270 Et
2145 4205 2262 4271 lbrtasse

1303 4283 1402 4352 brevi
1429 4307 1486 4353 me
1511 4284 1628 4376 ipsum
1652 4287 1820 4380 excipies3
1854 4315 1937 4362 nam
1970 4301 2086 4370 nostri
2119 4301 2263 4374 libertatis

1247 4445 1254 4462 ,
1302 4383 1458 4456 vindices
1475 4385 1523 4459 ita
1546 4409 1612 4458 nos
1635 4389 1844 4478 defendent,
1865 4407 1905 4464 ut
1920 4417 2042 4468 rursus
2057 4404 2192 4474 diversa
2211 4403 2264 4472 eri

1302 4484 1347 4554 lia
1377 4499 1413 4557 et
1443 4487 1601 4558 diversas
1632 4489 1731 4561 sedes
1757 4515 1926 4585 quaerere
1952 4521 2130 4589 cogamur.
2186 4501 2263 4576 Nosti

1300 4587 1545 4676 gravissimum
1561 4613 1719 4661 versum:
1744 4598 1859 4688 ruerit
1871 4593 1931 4669 ἀπ’
1949 4595 2065 4694 ἀρχῆς
2077 4602 2212 4703 γίνεται
2223 4603 2262 4678 τί.

257 4712 397 4801 Carisa.
419 4725 539 4794 irater.
593 4713 747 4787 Memini
766 4711 989 4782 dulcissimos
1011 4735 1163 4784 secessus
1189 4738 1248 4787 su·
1300 4691 1360 4805 ἧος
1373 4681 1548 4780 κακόν)
1600 4689 1778 4782 Inspicere
1798 4707 1832 4766 ¹⁰
1854 4711 1889 4768 θῑ
1913 4695 2159 4778 Valentinum
2180 4712 2262 4777 velim

257 4831 441 4924 periurum
457 4841 653 4902 annorum,
680 4837 761 4886 cum
776 4827 922 4906 propter
933 4814 1094 4906 contagia
1112 4815 1183 4886 luis
1204 4820 1246 4888 ,d
1299 4789 1429 4859 librum
1444 4787 1668 4862 deEcclesiis
1685 4793 1968 4888 Megapolitanis.
2013 4801 2114 4880 Bene
2129 4825 2160 4882 et
2174 4809 2262 4880 felici·
2314 4905 2315 4912 ἵ

255 4929 383 5002 'Albim
401 4923 581 5016 vagantia,
607 4933 722 4990 tecum
744 4929 779 4986 et
797 4938 876 4985 cum
892 4915 970 4985 aliis
985 4916 1107 4986 amicis
1121 4921 1166 4988 ad
1183 4917 1249 4992 Sa·
1299 4903 1353 4962 Μ
1368 4889 1457 4966 Vile·
1507 4891 1575 4964 Die
1590 4892 1831 4986 Magdtlenae·

259 5033 330 5101 lam
344 5024 664 5120 proficiscebamur.
719 5016 824 5087 Nunc
840 5015 1022 5086 dissimilis
1046 5021 1248 5109 peregrina.
1333 5098 1337 5105 Ι

259 5133 311 5204 tio
330 5143 392 5204 est.
434 5123 565 5198 Moesti
580 5113 826 5200 distrahimur,
843 5131 878 5187 et
891 5117 1048 5190 fortassis
1064 5119 1246 5214 aliquanto
1324 5131 1517 5146 ······-’“··-

258 5247 339 5326 post
356 5242 500 5323 propter
515 5224 648 5296 bellum
668 5243 760 5290 nova
779 5219 881 5288 exilia
902 5218 1145 5309 suscipiemus.
1182 5221 1247 5292 Fe.

260 5322 529 5412 liciorcs'snnt‚
554 5325 617 5420 qni
640 5325 765 5394 advos
784 5322 962 5392 secedunt.
1012 5309 1248 5418 Ortolpham.

260 5460 383 5528 spero,
410 5432 480 5502 iarn
499 5443 615 5504 tecum
630 5447 713 5496 esse.
763 5417 984 5492 Commendo
1004 5419 1072 5492 tibi
1093 5435 1128 5492 et
1145 5419 1247 5523 'hunc

1335 5235 1361 5302 l)
1381 5235 1475 5307 Apoll.
1491 5238 1600 5310 Argon·
1616 5237 1667 5295 lV.
1681 5241 1756 5299 1556.

1332 5319 1362 5388 Ι)
1382 5319 1469 5378 Verba
1483 5321 1577 5394 Eurip.
1591 5325 1624 5378 ad
1637 5323 1716 5382 stab.
1730 5325 1779 5380 Ν.
1795 5327 1840 5394 (Τ.
1853 5327 1901 5390 lll.
1913 5348 1939 5402 p.
1956 5331 2015 5388 415.
2029 5333 2072 5390 ed.
2086 5333 2174 5402 lietb}

1815 4993 2002 5096 Philippus
2016 5005 2230 5084 Melanthea.
2314 4971 2315 4994 .
