4624 6216
122 5139 126 5147 ’
243 5157 349 5224 runt,
372 5165 414 5208 ex
429 5140 501 5210 suis
514 5135 680 5209 Ecclesiis
695 5140 888 5230 pelluntur.
919 5138 1040 5229 Quare
1054 5143 1122 5212 tibi
1139 5140 1234 5216 hunc

2237 254 2241 299 t

244 317 319 396 885
823 311 1254 392 EPISTOLARUM
1307 313 1522 396 LlB.Xll.
1575 315 1707 398 1⁶51.
2162 327 2207 400 lli
2268 353 2269 356 ’

247 484 352 556 etiam
377 483 510 574 magis,
549 485 646 577 qnod
669 469 797 554 causas'
809 484 923 568 nosti,
954 507 1018 555 cur
1040 477 1109 554 boc
1131 505 1241 572 genus
1292 481 1434 573 penitus
1455 493 1529 556 toto
1544 483 1675 556 divisos
1690 483 1777 554 orbe
1788 477 1998 556 Britannos
2014 487 2156 575 adierunt,
2173 492 2211 560 alii

245 585 340 657 vitae
362 589 554 656 amandum
579 587 643 670 sit,
676 599 711 656 et
733 587 829 678 quod
851 585 1014 676 pietatem
1040 597 1137 656 tuam
1161 607 1240 673 erga
1293 585 1338 654 ad
1356 579 1508 681 Alpium
1527 587 1607 676 iuga
1624 585 1770 677 profecti
1785 600 1881 660 sunt.
1922 586 1991 658 Hic
2006 584 2211 660 inBorassiom

245 689 366 760 Deum
391 683 458 757 hac
480 686 519 756 in
542 711 581 756 re
604 687 709 758 etiam
730 688 906 772 declaras,
938 699 973 756 et
994 684 1111 756 Deum
1130 699 1240 758 aeter·
1293 685 1511 772 inurerent,
1537 688 1722 777 coniugem
1738 700 1773 757 et
1786 687 1958 760 familiam
1972 685 2127 780 Augustae
2136 687 2213 768 hehet.

246 813 356 871 nom,
380 787 521 858 Patrem
536 785 684 858 Domini
700 789 813 858 nostri
833 786 911 858 lesu
925 783 1080 874 Christi,
1103 785 1242 858 Condi·
1293 783 1418 878 ltaque
1441 812 1487 858 ne
1506 789 1648 878 longius
1672 813 1692 858 a
1710 789 1783 860 suis
1798 789 1949 874 abesset,
1976 803 2009 860 et
2026 815 2067 861 ne
2081 795 2214 864 certamina

247 904 367 962 torem
392 891 527 980 generis
557 884 725 975 humani,
756 903 791 960 et
815 885 1014 961 Autborem
1043 891 1239 958 dulcissimi
1293 878 1482 985 Osiondri
1500 913 1622 961 rursus
1644 913 1724 960 eum
1748 915 1789 960 ex
1809 891 1881 959 illis
1899 888 2041 960 Arctois
2057 893 2128 963 locis
2144 895 2216 986 pelle

247 992 401 1063 foederis
418 991 629 1080 coniugalis,
655 1015 718 1061 oro
734 1003 870 1075 tecum,
893 1005 1024 1062 etcum
1040 991 1239 1060 dulcissima
1292 1003 1390 1074 rent,
1419 991 1593 1062 suasimus
1617 1004 1659 1062 ut
1679 993 1724 1060 ad
1745 1015 1809 1060 vos
1831 993 1909 1065 iret.
1968 989 2099 1085 Opinor
2119 997 2216 1064 concedi

248 1117 375 1184 sponsa
390 1105 471 1173 tua,
497 1107 537 1162 ut
553 1092 759 1184 coniugium
777 1094 878 1162 vobis
893 1093 1061 1162 concedat
1075 1093 1241 1176 faustum,
1293 1085 1485 1182 hospitium
1510 1095 1605 1185 apud
1622 1117 1684 1164 vos
1698 1093 1758 1178 iis,
1784 1093 1847 1186 qui
1864 1093 2051 1164 eliciuntur
2063 1120 2098 1164 er
2111 1087 2219 1166 Germ·

247 1195 331 1265 felix
351 1207 385 1263 et
408 1194 635 1264 foecundum.
686 1193 789 1276 Scio,
819 1194 935 1286 ipsum
961 1215 1035 1262 esse
1048 1191 1239 1278 Custodem
1292 1189 1373 1260 nico
1395 1191 1565 1284 lmperio,
1604 1207 1645 1265 ut
1668 1195 1868 1268 nominant.
1929 1191 2021 1266 Eam
2042 1220 2107 1266 rem
2129 1198 2225 1290 inquiri

248 1309 282 1366 et
296 1291 475 1366 Ecclesiae
497 1317 598 1376 snae,
625 1308 661 1365 et
683 1296 823 1386 piorum
846 1296 1039 1385 coniugum
1061 1294 1101 1362 in
1115 1291 1240 1366 Ecele·
1292 1307 1363 1363 ate
1376 1293 1477 1380 volo,
1503 1307 1537 1364 et
1552 1295 1582 1364 si
1598 1295 1681 1366 lieet
1695 1289 1779 1364 huic
1795 1319 1867 1365 esse
1882 1295 1921 1364 in
1944 1321 2049 1387 regno
2067 1289 2222 1376 Bohemico,

248 1397 310 1469 sia.
359 1395 436 1466 Hac
451 1417 511 1486 spe
528 1418 586 1464 me
599 1397 638 1466 in
653 1397 774 1467 multis
791 1395 976 1466 doloribus
990 1409 1157 1467 sustento.
1292 1418 1391 1464 cures
1421 1395 1454 1464 ei
1485 1397 1650 1467 nidulum
1676 1396 1808 1466 alicubi
1830 1398 1870 1466 in
1893 1397 1955 1468 illa
1978 1414 2084 1468 vestra
2102 1393 2223 1492 Sarepta,

348 1493 618 1590 Epithalamion
637 1498 705 1568 tibi
721 1499 843 1568 scribit
858 1489 1114 1594 Ortdolphus,
1139 1499 1240 1568 cuius
1291 1509 1352 1566 aut
1366 1495 1404 1564 in
1420 1497 1559 1566 vicinia.
1610 1495 1696 1568 Fuit
1710 1511 1745 1568 et
1760 1492 1919 1596 Sarepta
1936 1499 2101 1570 metallica
2117 1501 2222 1582 officina,

247 1621 338 1670 vena
362 1612 396 1669 tc
416 1595 586 1670 celebrari
607 1599 718 1687 magis
742 1600 824 1670 volo
847 1623 953 1694 quam
976 1600 1133 1674 alterius.
1190 1597 1241 1669 Et
1292 1611 1473 1666 otnomen
1503 1598 1654 1684 indicat,
1692 1599 1864 1688 significat
1895 1600 1991 1670 enim
2016 1597 2223 1698 conflatorium.

246 1700 370 1772 scribit
392 1723 552 1784 carmen,
584 1701 731 1790 dignum
755 1701 906 1771 lectione
929 1701 1170 1784 eruditorum,
1204 1714 1240 1770 et
1290 1695 1339 1768 Et
1359 1699 1611 1770 vitrumh'oitio
1625 1701 1756 1770 factum
1773 1713 1824 1770 est
1837 1701 1873 1768 in
1889 1701 1977 1770 locis
1992 1703 2111 1772 vicinis
2123 1696 2225 1772 Sidoni.

194 1873 197 1878 ,
246 1803 344 1894 quod
362 1801 545 1891 posteritas
561 1801 666 1870 etiam
682 1803 873 1892 probatura
889 1815 951 1875 est.
991 1800 1106 1870 Valde
1122 1815 1238 1870 autem
1290 1797 1338 1868 Et
1361 1824 1470 1870 venae
1491 1801 1687 1871 metallicae
1711 1801 1861 1892 gignunt
1885 1803 2057 1894 lapidem,
2080 1801 2225 1898 erquovi·

244 1917 280 1974 te
295 1927 370 1982 oro,
397 1916 437 1972 ut
451 1902 593 1995 inclytis
606 1901 833 1993 Principibus
847 1906 972 1975 vestris
986 1895 1238 1995 Ortholphum
1291 1915 1386 1971 trum
1408 1904 1626 1995 excoquitur.
1676 1901 1772 1972 Haec
1795 1928 1936 1998 quoque
1958 1905 2112 1976 recitabis
2130 1907 2161 1974 in
2173 1927 2226 1972 con·

244 2005 492 2091 commendes,
517 2017 558 2073 ut
575 2004 650 2074 eius
665 2005 781 2074 studia
799 2001 905 2078 iuvet.
944 2001 1081 2074 Audire
1098 2004 1239 2074 Tubin-
1291 2003 1392 2071 cione
1415 2015 1486 2072 tua.
1548 1999 1626 2074 Etsi
1647 2016 1682 2074 te
1704 2019 1866 2096 expecto,
1897 2018 2017 2076 tamen
2040 2007 2227 2100 quaestionem

244 2129 307 2195 gae
323 2097 530 2174 Fuchsium
546 2106 653 2196 eupit.
693 2105 784 2176 Nam
804 2108 1044 2197 coepitartem
1061 2105 1240 2176 Medicam
1291 2128 1387 2173 nunc
1417 2103 1482 2173 tibi
1504 2129 1683 2197 propono:
1728 2103 1773 2174 ln
1795 2108 1890 2175 dicto
1913 2103 2041 2177 Esaiae
2059 2105 2117 2181 52.
2137 2101 2228 2178 Gratis

245 2207 388 2276 discere.
441 2205 580 2296 lngcnii
603 2207 641 2274 in
664 2230 704 2277 eo
721 2208 773 2277 vi's
789 2222 839 2279 est
852 2209 1044 2294 excellens,
1070 2221 1105 2277 et
1119 2207 1241 2278 erudi·
1292 2199 1495 2276 venundati
1514 2205 1615 2294 estis,
1642 2205 1766 2300 gratis
1791 2201 2033 2280 redimemini.
2089 2206 2153 2280 Cur
2170 2207 2231 2277 diot

245 2309 344 2378 tione
368 2309 545 2398 praeclare
569 2307 763 2379 instructus
786 2323 854 2389 est,
883 2323 917 2380 et
937 2331 1055 2380 mores
1073 2303 1239 2380 suntho-
1288 2305 1412 2399 gratis
1435 2301 1680 2392 redimemini,
1705 2321 1830 2379 notum
1854 2324 1924 2395 est,
1949 2313 2011 2382 sed
2027 2311 2230 2405 quidestgrr

245 2409 437 2480 nestissimi
451 2423 484 2480 et
498 2409 598 2501 pleni
613 2409 730 2480 officii.
783 2408 961 2482 ldeoeu'm
976 2412 1240 2482 tibicommen-
1291 2405 1340 2478 lis
1357 2402 1561 2478 venundati
1574 2406 1688 2478 estis?
1727 2407 1804 2500 Ego
1821 2411 1982 2482 existimo
2001 2408 2156 2483 hoedici:
2175 2431 2231 2502 gro

245 2512 304 2586 do.
356 2509 454 2582 Bene
470 2511 558 2586 vale.
609 2509 677 2582 Die
695 2506 883 2587 Matthaei.
1291 2507 1340 2579 lis
1354 2504 1557 2579 venundati
1572 2508 1676 2596 estis,
1702 2511 1741 2580 id
1756 2526 1825 2590 est,
1839 2511 1996 2612 frustra
2014 2521 2153 2612 captata
2166 2505 2231 2579 utili

989 2609 1188 2706 Philippus.
1291 2619 1365 2680 tate
1394 2635 1506 2708 quom
1526 2607 1720 2682 Diabolus
1745 2609 1846 2682 vobis
1865 2623 2124 2712 proposuerat,
2151 2607 2232 2681 Eritis

1290 2711 1382 2782 sicut
1398 2709 1489 2782 Dii:
1525 2711 1665 2802 Quaeso
1687 2726 1729 2784 ut
1750 2716 1881 2804 cogites
1902 2718 1946 2786 de
1962 2711 2032 2788 hac
2046 2711 2232 2811 pulcherrim

1290 2817 1483 2896 sententia,
1510 2817 1554 2884 de
1573 2841 1642 2908 qua
1666 2839 1785 2886 coram
1810 2817 1916 2886 ctiam
1932 2819 2130 2913 loquemur.
2171 2814 2235 2885 Nou

244 2977 277 3048 N
328 2973 429 3047 4956
1154 2980 1177 3045 S
1291 2919 1377 2987 dum
1399 2915 1467 2987 Dei
1495 2917 1664 2988 beneficio
1693 2917 1854 3008 contagia
1882 2921 2105 3010 pestilentiae
2124 2913 2173 2988 bic
2188 2911 2234 2984 ani

253 3003 442 3103 ξω·
1064 2992 1238 3104 Q
1290 3020 1483 3090 madverto.
1535 3017 1644 3089 Mitto
1669 3018 1737 3088 tibi
1758 3019 1911 3110 pagellas
1933 3047 2134 3094 meomore.
2175 3015 2237 3086 Boe

562 3155 630 3244 10·
650 3157 914 3243 Matthffigo·
1066 3209 1082 3259 t
1108 3187 1120 3246 Δ)
1291 3131 1325 3189 et
1345 3119 1495 3189 feliciter
1510 3120 1598 3192 vale.
1644 3115 1718 3240 Pie
1736 3115 1908 3192 Matthaei
1915 3124 2020 3240 ,qui
2035 3149 2077 3194 ex
2093 3121 2234 3240 publicano

1027 3237 1039 3244 “
1089 3237 1108 3264 ²⁸
1289 3221 1401 3292 factus
1417 3233 1468 3290 est
1483 3215 1669 3310 Evangelu
1684 3245 1810 3314 praeco
1824 3235 1858 3293 et
1875 3239 2048 3316 scriptor,
2078 3239 2118 3296 ut
2133 3236 2236 3292 screno

312 3318 398 3393 Epist.
413 3317 463 3376 lib·
475 3315 511 3370 ¹¹·
529 3335 556 3388 e·
570 3317 614 3374 ⁶⁴·
631 3315 786 3385 (et.1.on‹t.
802 3315 849 3372 ¹⁵¹³·
865 3315 898 3373 ¹¹·
917 3311 1036 3388 epta).
1291 3323 1426 3392 venisse
1444 3319 1577 3392 Filium
1591 3321 1677 3408 Dei,
1710 3337 1750 3394 ut
1768 3324 1884 3396 salvos
1903 3327 2012 3398 faciat
2027 3315 2235 3422 peccatoresd

372 3495 376 3504 ’
453 3471 508 3545 D.
533 3466 741 3546 Iohanni
764 3467 1027 3546 Mottbesio
1290 3424 1672 3520 ipsumwnfugiem‘*

245 3611 293 3698 S·
319 3620 365 3697 D.
414 3619 626 3694 Reverende
647 3621 704 3691 vir
727 3635 762 3694 et
782 3615 985 3693 charissime
1002 3625 1127 3711 frater,
1154 3623 1237 3698 Usi-

242 3740 316 3799 tata
337 3736 420 3794 sunt
435 3720 612 3794 Ecclesiae
627 3723 750 3809 exilia,
771 3737 811 3794 ut
824 3727 1091 3797 commonefacti
1107 3730 1237 3798 nostris

243 3825 422 3900 aemmnis
449 3825 660 3915 cogitemus,
702 3837 738 3896 et
761 3827 804 3894 de
827 3826 943 3916 primo
969 3827 1074 3898 exilio
1098 3831 1236 3918 generis
1287 3793 1482 3924 Q·
2104 3803 2233 3930 Q

243 3924 411 4010 humani,
444 3926 577 4019 inquo
602 3925 785 3995 coelestem
806 3927 955 4016 patriam
970 3929 1169 4015 amisimus,
1201 3945 1236 4002 et
1678 4000 1688 4020 ,

245 4033 290 4102 de
306 4027 400 4100 Filio
415 4022 502 4106 Dei,
527 4027 590 4120 qui
608 4027 721 4097 factus
742 4027 843 4113 exul,
872 4022 1027 4128 κατάγει
1046 4025 1234 4129 φυγάδας,
1512 3996 1735 4109 Gemma,
1768 3999 1896 4087 thi
1915 3999 2057 4088 Sile&

243 4129 382 4204 reducit
400 4153 467 4198 nos
486 4128 526 4196 in
540 4141 718 4198 aeternam
733 4127 903 4217 patriam;
930 4155 994 4200 nec
1009 4131 1076 4200 tibi
1095 4134 1235 4222 ignotae
1354 4144 1506 4211 Pnemtm
1525 4155 1612 4211 libror
1646 4157 1710 4217 tucn
1729 4161 1775 4216 ten
1797 4145 1995 4231 menedemos
2017 4165 2064 4219 tes
2081 4151 2236 4228 &urbib

244 4245 327 4306 sunt
344 4227 521 4303 historiae.
567 4225 686 4316 Quam
703 4231 802 4300 triste
819 4231 1055 4320 spectaculum
1072 4233 1140 4305 fuit
1154 4259 1234 4306 curn
1388 4227 1584 4362 gillaidis&
1593 4228 2111 4368 figggffiffnssgffg·n⁴gfflthgqtgqg
2119 4233 2236 4356 ffiftgg

241 4333 355 4428 pulsis
374 4331 511 4420 magnis
533 4330 735 4420 agminibus
757 4331 899 4423 piorum
922 4357 963 4402 ex
983 4333 1151 4420 urbibus,
1180 4361 1235 4406 se-
1387 4368 1440 4420 »ιι
1453 4365 1580 4433 cinare.
1598 4364 1656 4424 no
1669 4367 1856 4424 elienorae
1869 4364 2132 4426 erroneum.
2152 4363 2236 4422 mm

243 4447 374 4530 quotae
388 4447 471 4502 sunt
486 4433 644 4524 equitum
658 4443 806 4516 turmae,
831 4457 921 4524 quae
937 4434 976 4502 in
990 4435 1046 4503 via
1062 4435 1236 4510 calcarent
1387 4432 1464 4514 ¹5⁵¹:
1478 4433 1504 4486 ⁴·
1524 4433 1622 4513 ⁸3⁰⁹·
1639 4432 1773 4515 (ΜΨ
1783 4433 1828 4490 ¹²⁵⁰
1840 4434 1912 4488 ΗΜ
1924 4437 2094 4494 intimiore
2107 4433 2236 4516 ΝΟΜ

1388 4501 1508 4574 mrbrque
1519 4501 1633 4574 eprstols
1645 4501 1777 4572 descripta
1793 4511 1858 4558 esta
1875 4503 1952 4561 Gler.
1966 4507 2121 4564 Homero.
2152 4495 2237 4558 holm

244 4536 389 4614 miseras
412 4547 610 4617 matronas,
643 4533 816 4621 virgines,
850 4557 996 4624 pueros,
1028 4559 1146 4618 senes,
1179 4563 1235 4608 sa·
1389 4567 1452 4621 „gg
1471 4570 1585 4638 „mg
1605 4579 1645 4624 ω
1658 4569 1787 4639 Mamer,
1811 4571 1858 4627 uti
1879 4571 1947 4627 mibi
1960 4573 2037 4633 hm
2051 4577 2128 4649 epist.
2139 4567 2237 4634 dm,

244 4635 425 4718 cerdotes?
476 4633 642 4722 Legimus
661 4634 766 4703 etiam
782 4658 900 4704 senem
913 4638 1128 4708 sacerdotem
1144 4637 1235 4731 Epi·
1389 4637 1574 4706 0¹·M11ff01d

244 4763 389 4858 scopum
411 4761 491 4806 cum
515 4735 663 4852 coniuge
681 4757 769 4819 anu,
799 4737 838 4804 in
856 4737 972 4827 primo
989 4740 1128 4828 agmine
1146 4765 1236 4859 eun·
1286 4793 1371 4868 Dm
1392 4795 1637 4890 mmmm
1656 4795 1901 4894 ᾣοὼῧώωηω
1920 4799 2059 4894 &mm
2079 4806 2142 4876 mm
2154 4795 2235 4892 w

243 4856 313 4925 tes,
337 4863 376 4910 sn
391 4839 529 4908 coelum
545 4860 644 4906 vrvos
658 4837 813 4908 sublatos
831 4853 1095 4930 essespectante
1111 4843 1236 4912 mults·-
1286 4895 1396 4990 {mm
1428 4895 1676 4992 &stimi
1718 4899 1938 4997 gemm
1969 4907 2017 4979 in
2051 4899 2236 4998 &Qum

242 4943 380 5016 tudine.
430 4937 648 5055 Est-‹tutem-
659 4937 768 5027 pietas
781 4934 857 5055 Deo
882 4953 999 5028 grata,
1031 4942 1235 5014 benefacere
1286 4997 1365 5071 Q.
2016 5009 2025 5024 ⁶
2195 4997 2201 5010 ,

244 5039 449 5134 praesertim
476 5035 532 5108 brs
555 5039 735 5123 esulrbus,
767 5058 852 5131 qur,
883 5041 965 5133 quia
988 5055 1081 5110 recte
1105 5044 1236 5114 docne-
1356 5017 1436 5090 '⁹9‘
1470 4999 1639 5090 Mmt
1668 5001 1831 5198 &⁸5:³3
1845 5019 1928 5090 ⁰1⁰„
1960 5025 2098 5082 memmi
2122 5001 2235 5102 dilllll

243 5242 505 5338 Augustorum
518 5237 832 5325 Concionatorem,
854 5241 975 5312 ‘virum
992 5243 1153 5328 doctum,
1180 5271 1235 5316 re·
1286 5223 1430 5327 (bottis
1453 5243 1552 5318 Moab
1573 5243 1665 5337 hurd)
1691 5247 1792 5337 trinea
1814 5249 2024 5343 eingehotnett
2047 5249 2143 5341 &obt
2159 5243 2235 5332 Sil&

246 5359 299 5416 cte
322 5344 528 5413 sentientem
553 5355 588 5412 et
609 5342 827 5427 modestum,
858 5334 1062 5412 Iohannem
1076 5337 1234 5418 Flinde-
1287 5343 1461 5436 teritum.
1483 5350 1593 5436 uolent
1608 5349 1745 5442 belleni
1762 5351 1826 5423 snb
1842 5350 2233 5449 mubrbcftigenbellemt

246 5471 328 5518 rum
358 5441 534 5516 Francum
568 5444 791 5515 commendo.
866 5439 956 5516 Eios
989 5447 1140 5538 collegae
1173 5451 1234 5522 alii
1286 5465 1355 5522 sor.
1421 5447 1679 5544 Qucdteodptct,
1699 5450 1969 5548 pompeiorum.
2006 5455 2153 5550 george
2173 5435 2234 5534 illl
