4614 6226
193 303 267 384 891

301 453 364 527 tem
377 479 417 526 ea
428 469 455 526 a.
472 467 592 542 tatu,
609 467 656 525 aa
667 467 767 540 sartan
783 469 811 526 a.
823 469 867 524 rt.
883 469 984 540 spata
999 471 1077 527 asu.
1092 504 1129 517 ..
1163 468 1195 524 tn

298 541 424 596 Decium.
436 540 506 596 Mel.
521 538 663 609 inscriptio
676 539 709 592 sd
723 539 865 594 Albertum
879 542 984 593 Ducem
998 539 1196 612 praetermissa,

299 618 327 665 et
339 627 390 681 pro
404 628 434 664 es
447 617 637 681 argumentum
652 607 692 662 bis
706 609 795 663 verbis
805 609 974 678 designatum
993 609 1155 678 „Praelatio
1167 606 1195 659 in

297 678 434 752 „tertium
447 677 530 734 Tum.
542 694 657 749 operum
672 676 797 731 Lutlteri:
815 679 968 749 decausis,
986 698 1068 750 quare
1084 695 1197 732 conser-

244 803 247 806 Α
297 747 381 822 „rari
395 749 423 800 in
436 745 575 814 Ecclesia,
591 758 618 802 et
632 743 665 800 sd
679 747 861 815 posteritatem
882 748 1027 802 transmitti
1050 747 1135 818 prosit
1154 757 1197 799 te·

301 815 454 889 „stimuuia
469 825 496 868 et
510 814 748 886 interpretationes
762 834 902 870 sacrarum
919 815 1077 886 literarum,
1095 817 1128 870 ab
1146 833 1198 868 au-

301 884 433 956 „tcribus
447 883 501 940 fide
513 884 600 956 dignis
612 894 745 956 acceptas.
753 889 768 918 ’¹

201 1039 471 1116 Illustrisst'mo
508 1035 678 1139 Principe·
716 1065 762 1113 ac
796 1039 983 1131 Domino,
1031 1039 1201 1112 Domino

201 1143 412 1230 ailberto,
436 1138 666 1213 Marchioai
688 1139 1065 1242 Brundenburgensi,
1098 1139 1205 1212 Duri

200 1241 398 1332 Pressius,
430 1239 674 1315 Pomeram'ne
701 1257 781 1334 eta,
815 1243 1057 1344 Burggruet'o
1085 1241 1203 1318 Nori-

203 1346 389 1444 dergrnst',
404 1345 573 1418 Domino
590 1345 884 1439 clementissimo,
900 1347 1104 1448 Philippus
1112 1343 1203 1420 Me-

559 1443 717 1520 lunthon
745 1451 781 1524 S.
797 1449 843 1524 D.

202 1570 351 1657 Multae
385 1584 610 1676 gravissimae
644 1609 767 1655 causare
802 1597 904 1668 sunt,
939 1596 1085 1674 propter
1118 1604 1205 1675 quas

204 1690 307 1758 valde
322 1691 465 1779 prodest
474 1687 524 1754 dn
537 1683 714 1771 Ecclesia,
740 1687 928 1760 autoritate
944 1686 1084 1776 publica
1109 1698 1144 1754 et
1167 1684 1205 1751 in

205 1789 446 1862 monumentis
464 1787 616 1878 publicis
632 1789 833 1858 conservari
856 1789 948 1858 etad
967 1789 1204 1878 posteritatem

206 1891 396 1960 transmitti
414 1888 612 1962 testimonia
635 1903 670 1959 et
687 1890 996 1980 interpretationes
1012 1891 1057 1958 ab
1072 1885 1206 1958 autoriss

205 1993 273 2062 bus
287 1993 355 2062 lide
368 1991 484 2080 dignis
500 2004 675 2081 acceptas,
701 1993 832 2084 quibus
848 1991 977 2062 iudicia
994 1989 1206 2081 posteritatis

163 2143 166 2150 ·
206 2107 242 2162 et
256 2107 424 2184 regantur
436 2107 471 2162 et
486 2093 753 2167 confirmentur.
796 2091 883 2162 Vult
907 2093 1003 2160 enim
1029 2092 1123 2160 filius
1138 2090 1206 2162 Dei

207 2195 420 2264 infirmiores
434 2196 480 2264 ab
497 2193 752 2264 eruditioribus
770 2207 804 2264 et
824 2194 1042 2264 firmioribus
1059 2193 1206 2264 adiuva-

206 2297 257 2381 ri,
277 2309 318 2366 ut
330 2297 500 2388 scriptum
526 2308 592 2364 cst:
618 2309 654 2366 et
672 2309 712 2368 tu
733 2319 923 2368 conversus
945 2297 1114 2366 confirma
1133 2297 1207 2364 fra-

208 2411 280 2468 tres
300 2412 392 2471 tuos.
444 2393 497 2466 Ac
522 2397 701 2468 laetantur
722 2421 844 2468 omnes
867 2399 982 2469 bonae
1003 2411 1140 2468 mentes
1167 2397 1205 2464 in

208 2495 385 2583 Ecclesia,
422 2523 502 2568 cum
527 2498 650 2588 legunt
672 2499 906 2570 vetustissima
935 2501 1137 2570 testimonia
1163 2501 1207 2567 de

203 2601 321 2692 ‘tribus
362 2601 523 2691 personis
556 2601 775 2686 divinitatis,
818 2601 946 2672 tradita
980 2625 999 2672 a
1032 2598 1206 2690 Gregorio

209 2698 512 2782 Neocaesariensi,
537 2703 583 2770 ab
601 2701 761 2788 Irenaeo,
787 2703 832 2772 ab
848 2699 1005 2774 Eusebio
1020 2699 1208 2787 palestine,

210 2827 315 2896 quem
331 2801 487 2874 Basilius
503 2802 596 2878 citat.

312 2903 471 2994 Adparet
505 2919 623 2975 autem
661 2905 875 2978 mediocrem
914 2908 1022 2978 luisse
1056 2905 1208 2994 diligen-

211 3007 297 3077 tiam
338 3007 634 3096 gubernatorum,
692 3007 754 3098 qui
803 3009 1001 3080 docuerunt
1038 3008 1077 3076 in
1120 3010 1208 3078 urbe

210 3105 447 3188 Alexandria,
471 3109 555 3176 item
582 3108 619 3176 in
636 3109 726 3178 urhe
742 3106 912 3184 Caesarea
936 3123 970 3179 et
984 3105 1207 3194 Antiochiae,

211 3211 250 3280 in
276 3209 517 3282 custodiendis
544 3209 685 3300 scriptis
717 3233 861 3296 eorum,
917 3212 980 3305 qui
1013 3211 1209 3302 Apostolo-

211 3337 291 3382 rum
313 3313 494 3382 auditores
516 3311 637 3382 fideles
661 3309 856 3408 fuerant¹).
897 3311 969 3385 Sed
993 3337 1075 3383 cum
1102 3314 1141 3382 in
1163 3313 1209 3382 il-

209 3415 256 3484 lis
290 3415 379 3484 locis
408 3413 605 3504 petulantia
640 3425 674 3482 et
706 3414 846 3486 malicia
876 3416 1101 3506 ingeniorum
1137 3415 1208 3486 dis-

211 3515 312 3584 sidiis
340 3515 553 3606 opinionum
576 3511 751 3584 Ecclesias
775 3517 998 3588 dilacerasset
1016 3542 1056 3587 ac
1077 3539 1208 3606 poenas

211 3617 421 3700 attraxisset,
456 3629 575 3704 gentes
603 3616 772 3688 barbarae
798 3619 933 3696 infusae
954 3619 1062 3690 simoi
1086 3615 1209 3688 Eccle-

212 3717 301 3803 sias,
322 3719 434 3788 libros
456 3731 491 3787 et
514 3719 618 3786 urbes
637 3717 855 3790 deleverunt.
907 3719 950 3790 ln
965 3717 1114 3812 Europa
1138 3720 1209 3788 mi-

212 3843 280 3890 nor
296 3820 367 3890 luit
387 3842 470 3888 cura
487 3819 667 3906 deligendi
690 3833 725 3890 et
741 3822 964 3891 custodiendi
980 3837 1096 3892 vetera
1120 3822 1207 3890 scri-

213 3935 281 4014 pta.
332 3919 403 3992 Sed
419 3933 536 3990 tamen
551 3919 627 3990 Deo
644 3921 772 4010 gratias
792 3945 954 4012 agamus,
978 3925 1079 3996 cuius
1103 3924 1209 3994 boni-

161 4071 163 4077 s
211 4037 281 4094 tate
296 4021 427 4095 factum
442 4037 511 4102 est,
537 4036 578 4092 ut
592 4023 708 4116 aliqua
723 4025 881 4115 quamvis
898 4027 1020 4114 exigua
1034 4041 1067 4096 et
1084 4026 1208 4094 mutila

211 4125 406 4214 fragmenta
431 4125 626 4214 supersint,
652 4147 741 4217 quae
761 4128 1004 4197 tamenbonis
1028 4127 1207 4198 mentibus

213 4225 407 4316 gratissima
429 4239 523 4297 sunt.
575 4223 667 4296 Cum
689 4241 804 4296 autem
827 4230 1076 4318 negligentiam
1102 4253 1207 4319 supe-

213 4327 348 4397 riorum
372 4341 569 4416 temporum
591 4329 848 4418 vituperemus,
870 4332 979 4400 simus
1004 4355 1068 4400 nos
1087 4332 1124 4398 in
1144 4333 1205 4396 de-

212 4429 305 4500 lectu
321 4429 604 4512 castrationum,
628 4442 661 4498 et
677 4430 716 4502 in
732 4433 972 4502 custodiendis
986 4433 1089 4502 bonis
1106 4431 1207 4500 libris

211 4529 471 4620 diligentiores,
494 4553 562 4622 qna
584 4531 729 4623 quidem
753 4533 791 4600 in
814 4557 852 4604 re
876 4535 1037 4612 adiuvari
1054 4534 1207 4620 privatos

214 4645 247 4702 et
262 4634 386 4723 inopes
404 4629 543 4720 Regum
566 4645 600 4702 et
616 4629 820 4723 Principum
840 4637 967 4725 pietate
990 4651 1024 4706 et
1047 4633 1207 4704 liberali·-

210 4747 281 4803 tate
297 4733 498 4824 oportebat,
514 4731 582 4803 Sed
602 4735 705 4824 pauci
720 4737 759 4812 in
774 4731 843 4806 hoc
855 4759 982 4826 genere
997 4737 1207 4806 munificen-

213 4836 280 4906 tiae
297 4835 437 4906 laudem
452 4849 584 4909 amant.

316 4935 529 5027 Quanquam
551 4949 669 5006 autem
690 4961 763 5006 non
788 4935 945 5035 alienum
973 4950 1047 5008 erat
1070 4937 1115 5008 ab
1139 4931 1206 5008 hoc

212 5037 309 5122 loco,
341 5037 530 5127 prolixiore
554 5039 696 5132 querela
725 5040 909 5130 deplorare
927 5041 1204 5129 gubernaturum

214 5139 251 5206 in
268 5133 332 5208 hac
350 5161 387 5207 re
404 5140 673 5230 negligentiam,
699 5143 794 5210 unde
810 5154 887 5210 orta
905 5141 1043 5214 inscitia
1059 5163 1204 5228 magnos

212 5263 349 5311 errores
366 5239 404 5308 in
430 5241 563 5334 populo
584 5241 775 5327 stabilivit,
797 5256 919 5312 ,tamen
941 5243 1010 5315 alia
1031 5245 1204 5338 quaedam

246 5481 274 5544 i)
294 5477 371 5536 Deel.
383 5477 513 5548 suerunt.

782 293 1221 381 nrtsronanuu
1273 293 1470 376 maxx.
1525 297 1658 374 assu.
1756 262 1763 272 “

2169 289 2230 364 ast

1245 472 1441 543 admonitio
1457 470 1634 552 iuventuti
1653 470 1763 560 magis
1781 467 1976 557 neccssaria
1992 460 2052 536 hic
2067 459 2233 530 recitanda

1247 589 1309 648 est.
1363 572 1476 644 Multi
1495 574 1589 642 enim
1605 581 1755 642 audaces
1770 570 1944 640 abiiciunt
1960 588 2084 637 omnes
2103 585 2235 632 enarra-

1246 677 1382 762 tiones,
1406 701 1445 746 ac
1461 675 1717 744 vociferantur:
1743 675 1838 742 solos
1850 672 1965 740 fontes
1978 668 2148 758 legendos
2165 687 2235 746 esse,

1248 779 1379 849 scilicet
1403 773 1614 868 Prophetica
1635 789 1671 846 et
1694 774 1898 866 Apostolica
1924 771 2071 862 scripta,
2105 767 2191 861 quia
2213 781 2236 834 rt

1155 936 1162 948 ,
1248 881 1449 950 universam
1472 879 1669 948 doctrinam
1687 873 1863 946 Ecclesiae
1888 874 2094 954 continent,
2119 883 2155 938 et
2178 891 2235 936 non

1249 996 1331 1051 sunt
1346 981 1529 1068 ambigua,
1551 993 1612 1049 aut
1627 977 1784 1072 Sibyllae
1799 977 1895 1046 loliis
1910 975 2050 1044 similia.
2103 970 2180 1040 Nec
2196 995 2236 1038 so

1250 1085 1346 1163 lum,
1378 1097 1419 1152 ut
1442 1082 1590 1166 dicitur,
1623 1080 1755 1170 gratius
1782 1079 1928 1171 ex·ipso
1955 1077 2055 1146 sonte
2075 1073 2238 1144 bibuntur

1250 1210 1377 1278 aquae,
1400 1185 1580 1252 sedetiam
1595 1181 1732 1251 firmior
1746 1194 1798 1250 est
1819 1179 1980 1249 adsensio
2004 1178 2044 1245 in
2070 1173 2238 1244 mentibus

1252 1301 1284 1356 et
1311 1287 1492 1355 ardentior
1516 1283 1711 1366 invocatio,
1746 1307 1825 1351 cnm
1852 1283 1997 1350 auditur
2019 1303 2089 1347 vox
2117 1275 2239 1358 divina,

1253 1411 1357 1483 quam
1394 1411 1474 1456 cum
1509 1387 1675 1474 leguntur
1707 1379 1896 1453 hominurn
1929 1379 2239 1470 interpretationes,

1252 1491 1381 1583 quibus
1397 1513 1441 1558 nc
1459 1488 1604 1580 quidem
1618 1487 1889 1554 adsentiendum
1905 1497 1971 1569 est,
1984 1481 2056 1550 nisi
2073 1505 2155 1550 cum
2173 1482 2240 1549 fun-

1252 1593 1347 1661 tibus
1374 1586 1477 1682 eas²)
1502 1611 1695 1676 congruere
1721 1588 1915 1659 videamus.
1965 1583 2105 1656 Deinde
2127 1603 2238 1670 magna

1253 1717 1333 1784 pars
1349 1707 1507 1762 veterum
1526 1705 1559 1760 et
1573 1689 1767 1760 recentium
1791 1686 2125 1778 interpretationum
2149 1684 2239 1775 plena

1253 1809 1321 1879 est,
1346 1793 1648 1882 corruptelarum,
1673 1814 1760 1885 quas
1779 1788 1921 1883 explodi
1943 1811 1985 1858 ex
2006 1801 2080 1858 tota
2095 1782 2238 1856 Ecclesia

1252 1919 1391 1966 necesse
1408 1909 1492 1965 erat.

1354 1995 1424 2066 Hic
1438 1999 1623 2068 fatendum
1640 2009 1709 2080 est,
1722 1993 1949 2065 iustissimam
1966 2013 2040 2062 esse
2057 1983 2239 2082 reprehen-

1253 2099 1390 2168 sionem
1414 2099 1573 2168 inscitiae
1600 2111 1634 2168 et
1657 2097 1824 2168 audaciae
1849 2094 2045 2166 multorum
2077 2091 2239 2181 interpre

1253 2215 1348 2286 tum,
1365 2201 1427 2294 qui
1441 2224 1516 2269 non
1529 2201 1757 2270 illustrarunt
1769 2190 1983 2294 l‘rophetica¹
1998 2208 2033 2266 et
2046 2189 2238 2285 Apostolica

1253 2317 1504 2387 monumenta,
1540 2303 1602 2371 sed
1633 2302 1799 2370 sordibus
1832 2313 1867 2370 et
1898 2322 2008 2367 coeno
2043 2297 2238 2366 obruerunt.

1254 2405 1327 2475 Nec
1349 2405 1388 2472 in
1408 2399 1536 2474 horum
1554 2404 1777 2472 enarratione
1792 2414 1929 2471 tantum
1946 2395 2013 2469 hoc
2027 2397 2187 2480 estvitii,
2209 2409 2235 2463 ut

1255 2507 1322 2576 alia
1345 2500 1480 2576 cithara
1503 2519 1623 2592 sonet,
1649 2505 1747 2573 aliud
1774 2525 1854 2592 pes,
1879 2502 1969 2570 sicut
1990 2503 2034 2570 de
2053 2497 2232 2568 errantibus

1256 2609 1292 2676 in
1310 2608 1469 2676 saltando
1486 2609 1635 2688 dicitur,
1662 2607 1719 2676 sed
1737 2605 1842 2674 etiam
1864 2625 1965 2694 saepe
1983 2615 2093 2671 tetrae
2118 2614 2151 2670 et
2168 2619 2232 2690 per-

1255 2710 1408 2777 niciosae
1427 2705 1723 2778 hallucinationes
1737 2705 1911 2775 admixtae
1929 2717 2025 2777 sunt.
2064 2699 2236 2790 Origenes,

1256 2807 1415 2880 Thomas
1427 2825 1463 2880 et
1480 2811 1584 2880 multi
1604 2806 1667 2878 hos
1684 2808 1813 2892 sectati,
1837 2809 1874 2874 in
1892 2805 2002 2876 Paulo
2028 2805 2192 2882 teutria,
2213 2813 2237 2866 rt

1255 2937 1356 2996 vere,
1380 2925 1419 2982 ut
1441 2913 1590 2996 dicitur,
1616 2927 1691 2981 toto
1714 2911 1812 2980 coelo
1837 2921 1966 2978 errant.
2019 2901 2238 2998 Augustinus

1255 3014 1509 3086 dexteriorest.
1560 3014 1630 3085 Sed
1646 3009 1753 3082 huius
1766 3010 1870 3080 etiam
1887 3033 1994 3102 quam
2014 3009 2151 3080 multae
2171 3019 2237 3076 sunt
2295 3035 2296 3066 t

1256 3117 1409 3208 ineptiae
1433 3115 1472 3183 in
1493 3115 1715 3185 Psalmorum
1733 3113 1985 3197 enarratione,
2017 3111 2102 3203 quia
2126 3105 2238 3180 Ebrai·
2287 3184 2290 3211 ,ἵ

1256 3243 1315 3309 cae
1331 3218 1473 3306 linguae
1491 3217 1635 3306 ignarus
1649 3217 1727 3287 fuit.
1778 3211 1857 3284 Etsi
1873 3229 1990 3288 autem
2004 3211 2114 3282 multi
2131 3224 2164 3282 et
2178 3211 2239 3278 lue·
2283 3256 2291 3309 ξ

1257 3333 1352 3397 rrrnt,
1368 3333 1403 3388 et
1418 3333 1511 3402 suxit,
1526 3333 1562 3388 et
1575 3331 1677 3388 erunt
1689 3315 1824 3386 indocti
1831 3315 2059 3407 interpretes,
2080 3313 2238 3386 etlabuu-
2285 3358 2296 3372 a

1257 3434 1315 3490 tur
1328 3421 1519 3512 aliquando
1536 3420 1664 3490 eruditi
1675 3473 1685 3502 ,
1711 3431 1828 3488 tamen
1846 3441 1918 3486 raon
1941 3429 2127 3507 propterea
2145 3415 2240 3484 inter-

1257 3523 1405 3614 pretatio
1429 3521 1545 3594 omnis
1568 3545 1609 3590 ex
1627 3519 1780 3590 Ecclesia
1805 3520 1961 3589 tollenda
1979 3531 2053 3602 est,
2078 3531 2121 3588 ut
2142 3540 2238 3609 quau·
2286 3514 2296 3586 J

1256 3649 1362 3717 quam
1387 3624 1489 3692 multi
1512 3637 1595 3694 sunt
1618 3621 1850 3713 impostores,
1876 3620 1995 3714 quise
2019 3644 2086 3711 pru
2110 3616 2240 3688 mesticis
2282 3570 2289 3693 l

1256 3726 1441 3796 venditant
1449 3766 1464 3808 ,·
1484 3739 1601 3794 tamen
1620 3749 1692 3792 non
1712 3735 1894 3812 propterea
1920 3721 2090 3800 nullaest
2110 3745 2165 3792 ars
2179 3741 2239 3786 me
2281 3700 2287 3792 l

1256 3829 1345 3913 dica,
1359 3851 1423 3896 nec
1440 3828 1534 3897 docti
1549 3842 1582 3898 et
1593 3823 1623 3919 ³)
1637 3826 1758 3894 fideles
1776 3823 1903 3892 medici
1918 3823 2135 3913 aspernandi
2148 3835 2230 3890 sunt·
2277 3793 2288 3975 i

1358 3928 1613 4017 Intelligamus,
1635 3927 1789 3995 officinm
1804 3923 2007 4016 interpretis
2023 3939 2058 3996 et
2071 3938 2238 3994 teneamus
2284 3978 2288 3993 ι

1259 4031 1522 4101 enarrationum
1547 4041 1676 4108 metas,
1703 4052 1744 4098 ac
1762 4027 1809 4098 sit
1829 4027 1985 4098 delectus
2007 4025 2237 4120 interpretum,
2285 4040 2287 4060 ⁴

1255 4147 1290 4202 et
1312 4156 1367 4201 res
1391 4133 1482 4200 darae
1508 4131 1546 4198 in
1570 4130 1792 4200 enarratione
1817 4129 2003 4219 praecipue
2027 4139 2238 4221 quaerantur,

1254 4234 1407 4303 illustret
1421 4232 1608 4302 lectionem
1626 4229 1773 4302 Autaris
1784 4227 1837 4322 ⁸),
1852 4245 1884 4302 et
1901 4229 2091 4320 explicatio
2105 4232 2150 4300 sit
2165 4249 2237 4298 cou-

1252 4335 1356 4404 fessio
1374 4358 1476 4404 verae
1489 4333 1701 4418 sententiae,
1715 4349 1751 4403 et
1767 4331 2010 4403 testimonium
2027 4335 2238 4423 profuturum

1253 4437 1412 4526 posteris.
1462 4434 1545 4504 Non
1561 4437 1661 4506 ludat
1680 4433 1857 4527 interpres
1881 4446 1922 4504 ut
1940 4431 2147 4504 Heraclides
2159 4430 2239 4500 Pou-
2283 4498 2287 4511 ,

1255 4539 1360 4621 tirus,
1385 4549 1419 4606 et
1432 4537 1585 4621 similes,
1612 4533 1923 4607 HomericosDeos
1938 4535 1978 4604 in
1994 4529 2236 4630 physiologiam
2281 4522 2288 4599 l

1253 4640 1516 4712 transformant.
1561 4635 1724 4708 Omnino
1740 4638 1872 4708 frenari
1888 4638 2072 4728 audaciam
2088 4632 2233 4726 ingeniu-
2282 4658 2296 4706 t

1254 4765 1333 4810 rum
1350 4763 1488 4810 necesse
1504 4753 1575 4824 est,
1599 4753 1632 4808 et
1647 4734 1713 4808 hae
1728 4741 1869 4829 regulae
1884 4751 2088 4810 constanter
2100 4755 2234 4830 sequeu-

1255 4844 1319 4912 dac
1342 4856 1441 4912 sunt:
1480 4842 1510 4911 si
1531 4841 1611 4932 quis
1632 4841 1729 4912 aliud
1752 4837 1985 4930 Evangelium
2009 4843 2129 4924 docet,
2160 4857 2233 4904 ana·

1254 4937 1373 5014 thema
1394 4943 1449 5013 sit.
1507 4939 1555 5014 Et
1579 4957 1619 5012 ut
1641 4945 1685 5012 ad
1707 4939 1891 5014 Romanos
1911 4941 2084 5032 scriptum
2104 4953 2165 5010 est:
2194 4933 2232 4999 sit
2289 4991 2290 5000 ,

1255 5046 1403 5136 analoga
1423 5044 1508 5114 fidei
1525 5045 1781 5138 interpretatio.
1832 5042 1879 5116 Et
1893 5041 1991 5114 Petri
2013 5051 2231 5138 praeceptum:

1257 5225 1481 5235 ——a--m--nu

1290 5313 1317 5381 2)
1338 5312 1414 5367 Decl.
1433 5327 1491 5366 eos.

1256 5427 1260 5436 ·
1290 5397 1320 5468 8)
1338 5407 1380 5466 et]
1399 5398 1479 5454 Decl.
1498 5414 1542 5452 ac.

1293 5485 1322 5554 t)
1343 5483 1425 5540 Deci.
1443 5479 1599 5538 Auditort‘s.
