4730 6202
215 319 311 400 uss
362 367 365 374 f
714 233 719 244 ⁴
778 273 1220 416 sersaonanuu
1269 301 1380 390 nm.
1405 302 1490 384 xu.
1542 304 1675 390 resa.
2140 319 2217 398 rias

212 493 334 566 sertim
366 513 446 563 cum
474 485 690 564 vestibulum
718 485 769 558 ibi
790 483 861 557 tuis
882 481 1026 576 optimis
1050 479 1210 554 versibus
1257 503 1388 556 rerem.
1439 477 1496 552 Ibi
1510 480 1575 554 etsi
1591 477 1709 555 adhuc
1722 497 1896 576 vagantur
1908 487 2066 580 contagia
2078 487 2157 578 luis,
2175 506 2217 566 ta·

214 595 417 668 ornaverim
433 587 479 690 ¹),
509 593 640 687 quibus
662 590 792 660 invitas
815 587 1057 668 iuventutem,
1092 599 1132 656 ut
1153 582 1210 653 di·
1258 607 1341 652 men
1365 581 1484 654 minus
1504 585 1627 656 crebra
1649 586 1772 658 funera
1796 601 1897 674 suut,
1930 583 2220 664 Bernhardusille

214 711 288 770 acal
301 697 403 766 initia
415 696 694 788 descriptionum
709 692 952 761 membrorum
966 679 1116 757 humani
1129 709 1211 758 cor·
1260 683 1433 756 clamosus
1454 699 1487 756 et
1512 685 1685 758 lusciosos
1701 691 1848 760 decessit
1861 691 1998 782 placide
2012 707 2222 787 postmortem

215 801 325 894 poris.
382 793 549 894 Auglum
568 798 655 866 scito
679 791 875 865 honorifice
900 793 945 864 de
968 789 1070 858 vobis
1092 786 1210 883 loqui;
1259 785 1420 878 coniugis
1438 787 1563 862 etlilii.
1610 787 1716 860 Nunc
1735 805 1917 881 aegrotant
1929 793 2023 866 lilius
2038 797 2186 886 grandior
2198 812 2225 868 et

214 899 393 990 fortassis,
434 925 514 972 cum
549 901 640 970 vidit
673 897 743 968 iam
770 907 929 966 nostram
960 904 1212 984 paupertatem,
1259 887 1344 964 filia.
1404 887 1575 981 Sumptus
1597 891 1648 962 eis
1670 893 1832 984 praeberi
1851 893 1950 968 iussi.
2002 894 2105 986 Quod
2118 899 2225 990 episto·

215 1007 337 1076 minus
350 1017 559 1098 aspernatur
572 1015 708 1072 vestros
722 1009 929 1091 apparatus,
957 985 1100 1066 Ἀκούω
1117 987 1211 1066 εἶναι
1259 990 1330 1059 lam
1351 1003 1509 1062 nostram
1532 991 1571 1060 in
1591 993 1672 1062 aula
1697 989 1858 1065 exbiberi
1875 997 2028 1085 curasti,
2057 994 2226 1072 babeotibi

214 1101 383 1182 ὅύνατον
404 1099 468 1180 καὶ
489 1097 667 1176 πλούσιον
685 1097 904 1180 ἐπίσκοπον,
930 1095 995 1167 etsi
1009 1091 1101 1164 mibi
1117 1118 1211 1164 non·
1259 1092 1420 1182 gratiam.
1471 1089 1586 1166 Unica
1607 1093 1753 1186 epistola
1772 1099 1955 1170 communi
1969 1123 2166 1194 responsum
2180 1117 2229 1188 est,

215 1212 309 1282 dum
324 1229 398 1278 aesc
420 1207 570 1301 aperuit.
627 1201 703 1274 Has
726 1203 844 1272 literas
867 1195 1077 1288 Augustano
1098 1195 1213 1269 tabel-
1260 1193 1318 1265 cui
1339 1193 1404 1265 etsi
1427 1193 1564 1288 aliquid
1586 1197 1671 1266 aalis
1692 1199 1898 1292 adspersum
1920 1213 1992 1285 est,
2020 1215 2133 1273 tamen
2146 1201 2230 1299 orip-

216 1313 305 1383 lario
322 1311 425 1396 dedi,
451 1309 513 1404 qui
530 1321 672 1391 narrat,
697 1329 772 1374 uon
788 1303 914 1398 procul
930 1326 950 1371 a
966 1293 1136 1371 Metensr'
1148 1319 1211 1370 ur·
1258 1319 1340 1396 year
1364 1291 1405 1367 αἱ
1428 1287 1553 1368 nciam
1573 1293 1637 1370 rol
1661 1292 1681 1370 ὃ
1699 1294 1838 1398 χρόνος
1857 1325 1904 1394 με
1923 1295 2107 1390 derisiones,
2128 1321 2164 1378 ut
2177 1305 2231 1376 So-

215 1415 259 1486 be
281 1405 482 1494 erCarott,
513 1425 546 1481 et
564 1399 803 1480 Marchioois
818 1403 990 1474 exercitus
1005 1424 1090 1472 esse.
1139 1400 1211 1473 Sed
1261 1393 1403 1489 phocles
1417 1410 1498 1468 tuus
1514 1393 1692 1496 inquit').
1742 1399 1813 1473 Sed
1827 1395 2002 1476 hodierna
2018 1405 2232 1480 lectioEran·

216 1541 282 1587 nos
296 1515 453 1586 fortassis
468 1512 617 1583 certiora
634 1505 783 1582 habetis.
828 1503 926 1576 Bene
941 1503 1019 1576 vale
1037 1515 1071 1572 et
1085 1503 1212 1573 rescri-
1259 1499 1343 1592 getii
1357 1522 1414 1569 me
1428 1499 1616 1572 admonuit
1628 1503 1672 1573 dc
1688 1501 1784 1574 dicto
1797 1501 2028 1578 Nazianzeni:

215 1619 278 1704 be,
310 1617 369 1687 die
391 1616 451 1688 ta.
471 1613 645 1686 Novemb.
676 1653 727 1672 -
779 1607 939 1700 Quaeso,
968 1619 1011 1679 ut
1036 1601 1127 1678 Viro
1149 1604 1212 1676 dea
1344 1627 1372 1694 ,ι
1391 1623 1481 1704 oldae
1501 1625 1608 1715 ὄφλω
1628 1629 1680 1697 „ap
1702 1629 1882 1718 „951qu
1901 1635 1938 1701 τὸ
1963 1641 2066 1723 πρᾶο,

216 1721 401 1815 epistolam
414 1730 495 1789 luae
510 1715 683 1787 inclusam
699 1707 741 1809 ²).
1343 1709 1437 1801 οἴκτῳ
1458 1707 1517 1800 γὰρ
1541 1713 1644 1792 oiirroc
1663 1719 1714 1781 ael
1736 1723 1804 1807 θεῷ
1825 1721 2042 1801 σταθμίζιται.

730 1807 920 1908 Phffifl'us
935 1803 1163 1886 Melanlhm·
1260 1833 1300 1908 Id
1321 1837 1473 1928 optarim
1497 1849 1530 1908 et
1549 1837 1637 1908 alios
1654 1827 1818 1929 cogilare.
1868 1839 1946 1916 Deo
1962 1846 2041 1918 noti
2056 1861 2137 1918 sunt
2152 1847 2235 1918 dolo-

1261 1961 1316 2007 res
1337 1937 1470 2023 nostri,
1494 1937 1554 2009 cui
1575 1963 1640 2009 nos
1658 1943 1880 2018 commendo.
1931 1943 2236 2019 Reverenterdices

1261 2040 1408 2110 salutem
1435 2040 1568 2114 clariss.
1584 2041 1628 2114 D.
1645 2035 1820 2112 Ponlauo
1836 2059 1869 2115 et
1887 2038 2080 2121 Conrado.
2129 2049 2178 2121 De
2193 2076 2237 2120 re-

1262 2141 1339 2212 dito
1361 2141 1523 2212 nondum
1538 2143 1734 2214 deliberare
1749 2165 1947 2237 possumus.
1996 2149 2047 2222 Et
2064 2175 2125 2242 ego
2142 2147 2237 2222 adhuc

214 2211 407 2347 Q·
1033 2210 1205 2339 Q
1261 2243 1353 2312 filiae
1374 2257 1515 2336 partum
1539 2259 1699 2339 expecto,
1732 2271 1838 2341 quarn
1854 2246 1952 2320 Deus
1973 2253 2120 2326 adiuvet
2135 2269 2166 2324 et
2180 2277 2238 2324 ser·

1262 2359 1365 2416 vetet
1383 2346 1566 2433 gubernet.
1617 2343 1788 2442 Exempla
1803 2347 1887 2443 περὶ
1900 2357 2024 2448 ψυχῆς
2041 2357 2173 2428 mittam
2188 2379 2237 2426 ιο-

623 2395 699 2507 (N.
727 2391 804 2507 N.)
1261 2445 1327 2522 bis.
1379 2444 1476 2516 Bene
1495 2448 1584 2524 vale.
1640 2449 1697 2525 ld.
1715 2449 1907 2525 Novembr.

284 2583 303 2652 †
324 2577 362 2634 Ea
375 2571 545 2650 autographo
556 2569 677 2647 Philippi
690 2569 720 2626 in
734 2569 798 2628 eod.
812 2569 902 2628 llelad.
918 2564 1030 2628 vratial.
1048 2567 1113 2625 Vol.
1125 2565 1162 2624 V.
1530 2658 1533 2667 1
2009 2551 2200 2656 Philippus,

182 2731 269 2822 ,Ν.
295 2723 348 2810 Ν.
380 2740 537 2824 (folium,
570 2739 623 2799 ubi
644 2740 802 2820 inscriptio
828 2742 916 2820 epist.
942 2747 1023 2816 erat,
1049 2735 1211 2797 abaciacum
1271 2773 1907 2792 mmm..

254 2839 258 2847 ¹
543 2853 586 2903 eat
610 2844 644 2902 in
669 2838 886 2924 autographo.)

214 2974 265 3064 S.
290 2985 336 3058 D.
385 2981 595 3055 Doctissime
611 2981 667 3052 vir
683 2996 718 3052 et
734 2981 851 3054 cariss.
870 2981 988 3053 frater.
1041 2977 1153 3072 Saepe
1171 2977 1209 3048 in
1260 2912 1473 3050 Q
1868 2927 2202 3016 ¹⁶·1l0'·(T⁰fa⁸⁶·l

214 3088 353 3180 magnis
378 3085 562 3156 doloribus
584 3085 628 3152 de
650 3083 723 3152 filia
748 3083 916 3173 cogitavi,
948 3076 1108 3182 στοργὰς
1128 3081 1208 3152 ideo
1566 3122 1696 3210 Lam,
1737 3125 1937 3215 Momm

215 3192 320 3262 nobis
336 3189 458 3257 insitas
474 3209 557 3270 esse,
576 3198 617 3256 ut
631 3184 703 3256 sint
718 3185 1061 3257 commonefactrices
1076 3184 1209 3269 dedeo,
1696 3187 1706 3212 ”
1938 3195 1949 3218 ⁸

215 3309 251 3366 et
271 3289 356 3364 baec
377 3291 452 3380 ipsa
474 3282 566 3357 mihi
588 3287 752 3376 cogitatio
778 3287 938 3357 dolorem
956 3285 1070 3358 leniit.
1121 3281 1209 3355 Eri·
1358 3279 1443 3357 ¹³9¹st
1465 3281 1553 3340 ΙΙΉ·
1572 3302 1600 3358 P·
1615 3286 1737 3361 4⁶⁵⁸aa·

214 3388 341 3475 ⁸elimo,
368 3406 401 3461 te
417 3389 593 3460 similibus
606 3389 771 3458 remediis
786 3387 824 3456 in
840 3402 901 3459 tuo
916 3387 1012 3458 luctu
1028 3387 1094 3461 uti.
1127 3385 1208 3458 Scio

214 3497 332 3579 errirn,
355 3493 422 3563 tibi
437 3492 514 3562 viro
534 3491 637 3561 docto
656 3502 689 3560 et
706 3489 856 3582 sapienti
870 3483 937 3560 hos
952 3489 1068 3562 fontes
1082 3512 1209 3559 conso-

216 3598 389 3668 lationum
412 3617 486 3663 non
511 3592 674 3662 inanium
687 3606 790 3660 notos
806 3614 890 3665 esse.
941 3585 1025 3659 ldeo
1040 3586 1210 3660 hactenus

216 3701 255 3768 in
274 3696 387 3768 literis
409 3695 497 3764 meis
514 3689 607 3762 nihil
623 3695 668 3763 de
686 3694 735 3762 eis
750 3691 885 3782 scripsi.
934 3689 1209 3784 Nunctuaepi-
1262 3677 1310 3766 S.
1335 3685 1381 3764 D.
1432 3685 1727 3780 Doctissimevir‚
1753 3693 2146 3786 etcbarissimefrater.
2175 3710 2246 3784 Sae-

216 3799 303 3870 atola
328 3797 546 3868 occasiouem
564 3795 724 3887 praebuit
740 3790 825 3863 lruic
839 3793 939 3862 brevi
957 3817 1210 3864 commemora·
1264 3818 1305 3887 pe
1328 3791 1435 3863 laudo
1462 3793 1648 3863 consilium
1674 3793 1882 3888 Claudiani,
1920 3805 1981 3898 qui
2012 3807 2109 3880 inter·
2136 3816 2246 3885 multas
2295 3845 2299 3852 ·

216 3901 326 3984 tioni,
358 3921 463 3991 quam
479 3919 580 3988 spero
598 3895 665 3966 tibi
683 3919 756 3966 non
771 3897 944 3984 ingratam
963 3895 1050 3969 fore.
1102 3893 1209 3965 Mitto
1263 3890 1458 3965 Theodosii
1489 3895 1637 3966 virtutes
1665 3892 1758 3970 hanc
1781 3927 1923 3998 quoque
1947 3909 2077 3982 diserte
2097 3929 2247 3999 recenset,

215 4003 284 4074 tibi
312 4021 453 4070 cannen
483 4000 527 4068 de
552 3991 792 4095 Marcello‘)
819 4010 961 4081 nostro,
996 3999 1113 4090 quod,
1146 3997 1210 4066 etsi
1263 3998 1358 4090 quod
1383 4019 1457 4066 non
1480 3996 1588 4068 fuerit
1612 4001 1782 4090 suspicax.
1832 4001 1898 4076 Est
1919 4011 2069 4084 omnino
2095 4016 2135 4084 in
2156 4018 2247 4088 Prin·

215 4124 338 4174 versus
364 4125 438 4169 nou
464 4111 547 4168 sunt
573 4099 700 4184 nitidi,
733 4111 853 4169 tamen
873 4098 1019 4186 adparet
1040 4098 1210 4188 scriptum
1263 4102 1340 4188 cipe
1362 4097 1535 4181 salutare,
1568 4097 1637 4172 οὐκ
1658 4097 1752 4174 εἶναι
1775 4100 2029 4198 καχύποπτον.
2082 4115 2143 4190 Sic
2166 4121 2247 4188 enim

215 4227 291 4276 esse
312 4203 358 4272 ab
382 4195 527 4271 homine
550 4200 722 4280 candido,
755 4199 835 4270 ideo
853 4199 1040 4270 lectionem
1056 4200 1131 4269 eius
1146 4200 1210 4270 tibi
1264 4200 1363 4269 Plato
1381 4199 1550 4290 loquitur.
1602 4202 1672 4273 Sed
1688 4217 1805 4274 tamen
1825 4210 1908 4280 etin
1924 4215 2074 4303 privatis
2092 4220 2182 4291 idem
2198 4223 2248 4288 de-

214 4331 289 4375 non
313 4305 484 4392 ingratam
505 4302 581 4370 fore
603 4303 798 4393 sperabam.
859 4297 1111 4389 Wittebergae
1131 4316 1212 4370 ante
1265 4323 1325 4370 cus
1340 4301 1445 4370 laude
1459 4301 1606 4392 dignum
1624 4320 1686 4377 est.
1739 4303 1901 4406 Cumque
1918 4313 2053 4404 sciam„
2073 4323 2127 4390 tui
2146 4337 2248 4414 pecto·

214 4407 365 4477 biduum
388 4403 458 4488 fui,
490 4415 530 4474 ut
552 4399 595 4474 τὸ
613 4395 843 4502 σύγγραμμα
858 4395 940 4498 περὶ
955 4405 1078 4497 ψυχῆς
1093 4401 1214 4472 absol-
1266 4402 1314 4471 ris
1342 4403 1531 4472 candorem
1564 4428 1636 4474 esse
1666 4407 1856 4492 exinrium,
1890 4413 2029 4508 iudico,
2063 4435 2099 4490 te
2122 4445 2248 4518 quoque

225 4557 440 4580 ......---
477 4553 484 4566 ‚
1264 4503 1411 4572 minime
1431 4505 1643 4594 suspicacem
1664 4532 1748 4580 esse.
1812 4510 1931 4614 Quare
1955 4519 2059 4598 etiam
2086 4523 2248 4618 siquando

251 4637 279 4707 1)
299 4633 364 4706 „lm
384 4628 489 4702 Stigelii
508 4627 601 4700 Elegia
624 4629 660 4682 de
685 4627 801 4683 utilitate
821 4627 1013 4684 doetrinaede
1034 4627 1213 4686 fabricatione
1265 4629 1338 4674 ⁰⁰¹¹
1361 4610 1574 4696 stSP⁰¹¹d⁸⁰r
1607 4612 1769 4701 quflmVlS
1791 4613 1896 4683 allam
1913 4643 2052 4692 causam
2068 4627 2185 4715 polius
2200 4651 2250 4696 co-

283 4701 395 4758 bomani
413 4699 558 4780 eorpogi22¹
578 4697 848 4780 legituriucditione
870 4697 930 4752 libri
952 4698 1116 4781 dedeima²
1143 4717 1213 4772 quae
1265 4707 1368 4796 gipes,
1402 4731 1508 4798 quam
1533 4709 1728 4782 volunlatls
1753 4717 1997 4794 mulallonem.
2064 4723 2148 4798 Erit
2170 4729 2249 4797 inter

282 4771 405 4827 ..1552
426 4767 543 4840 produt,
575 4775 664 4820 atatrm
689 4776 749 4836 port
769 4764 912 4838 epretolatn
932 4776 1159 4837 nuncupatorum
1179 4767 1212 4823 ad

285 4844 529 4910 Baumgerlnerum
543 4834 690 4894 iuniorem.
1265 4831 1350 4892 nos,
1373 4805 1450 4878 Deo
1471 4809 1635 4896 iuvante,
1660 4813 1814 4886 amicilia
1837 4833 1997 4906 aeterna,
2029 4851 2101 4919 qua
2127 4827 2163 4898 in
2182 4852 2249 4900 coe.

249 4926 278 4996 ε)
297 4923 360 4977 Νοιι
375 4939 448 4975 anno
463 4919 556 4988 1548..
581 4931 611 4972 ur
624 4915 713 4974 Dana.
726 4915 862 5000 putavit..
874 4915 920 4970 aed
935 4932 1007 5038 amp
1018 4917 1099 5000 .¹⁵.⁵l·
1113 4919 1212 5004 scripta
1265 4909 1343 4979 testi
1358 4905 1512 4978 Ecclesia
1534 4913 1672 5024 dulcius
1695 4915 1865 4990 fruemur.
1915 4921 2021 4996 Nunc
2043 4929 2139 4998 enim
2156 4931 2191 5000 in
2205 4925 2250 5000 his

285 4986 1212 5132 {tlhaffttzrftlattlttalattt'tlltadlaattat:
1265 5009 2001 5142 capuanos·esparverrsaempntssaepe
2017 5028 2250 5150 impediuntur

285 5132 314 5183 o.
326 5127 370 5182 29.
382 5127 473 5195 septb.
485 5125 510 5180 h.
525 5143 550 5176 a.
1265 5127 1393 5184 usitata
1412 5137 1607 5184 amrcorum
1625 5117 1750 5187 offrcra.
1786 5123 1899 5192 Senex
1915 5126 1975 5196 rlle
1987 5151 2246 5226 γραμματοφυ-

250 5203 1214 5349 tarraarca.aaaaretractaretura.
1266 5239 1347 5310 ‹³⁰⁶›
1386 5215 1449 5308 ..r
1482 5239 1522 5282 ..
1543 5209 1760 5290 iamir.
1783 5226 1935 5314 surdam
1960 5235 2100 5320 petebat
2120 5227 2247 5326 arom

284 5350 355 5404 ch.
371 5347 447 5400 1551.
484 5345 584 5398 Nescio
606 5345 689 5414 igilur
709 5361 743 5396 an
765 5361 821 5395 uon
840 5342 914 5395 aliud
926 5361 1035 5396 carmen
1048 5342 1095 5400 laic
1107 5343 1212 5414 flatelli..

284 5419 403 5488 gendum
417 5417 467 5480 sit,
485 5432 570 5486 quom
586 5413 647 5466 ratis
664 5413 698 5464 sit
712 5409 896 5479 manifeatum,
915 5411 1055 5481 epistolam
1070 5432 1126 5468 non
1140 5433 1213 5472 auno
1297 5421 1325 5490 l)
1344 5418 1475 5508 Sopbocl.
1491 5417 1560 5476 Oed.
1578 5421 1687 5477 cota:
1705 5433 1831 5498 στέργειν
1841 5428 1897 5500 γὰρ
1910 5435 1940 5486 αἱ
1953 5430 2040 5492 πάθαι
2056 5456 2110 5510 με,

288 5485 364 5541 1551.
375 5486 503 5555 scriptam
518 5499 574 5536 erae
589 5479 642 5536 boe
658 5491 791 5552 tempore.
1332 5505 1381 5553 νος
1392 5491 1487 5552 {vaur
1495 5489 1604 5561 μακρός
1615 5492 1749 5550 διδάσκει.

1304 3433 1568 3514 Laurentio
1593 3440 1805 3518 Mollero
1837 3445 2053 3544 (Hildesina
2073 3451 2209 3532 docenti

1625 3543 1896 3650 Evangela’um)

2131 5435 2247 5510 t’vtrl·
