4624 6216
258 321 334 400 869
821 301 1255 384 uetsronaltuot
1304 303 1525 386 multu.
1579 302 1713 384 tuot.
1785 341 1787 346 v
2176 305 2218 385 ill

260 511 344 572 tarn
382 488 571 566 scordium
586 485 700 558 adiert
714 481 820 555 etiam
834 475 895 554 hic
908 479 1076 568 nuntius,
1098 504 1169 576 quo
1181 477 1255 553 uti-
1308 479 1518 572 abrumpam
1536 473 1631 550 hanc
1644 477 1903 562 narrationem,
1929 501 1969 548 ac
1991 477 2095 569 potins
2110 491 2223 556 tremet

261 623 345 670 nam
370 607 405 666 et
424 589 682 664 calumniarum
705 607 841 656 venena
862 585 1039 677 depellere
1063 603 1254 676 possemus.
1309 605 1389 652 curn
1411 579 1580 652 Ecclesiis
1600 581 1733 652 nostris
1753 577 1869 650 Deum
1891 581 2021 661 orabo,
2045 595 2078 653 ut
2094 605 2143 652 nos
2159 599 2224 673 regat,

263 700 333 772 Sed
352 693 509 767 lilioDeo
526 715 591 762 nos
606 689 827 762 commendo.
877 683 970 756 Cum
983 681 1122 756 habebo
1140 707 1256 754 exem·
1309 683 1481 754 uecsinat
1499 683 1575 752 lieri
1592 681 1792 752 barbaricas
1811 682 2034 754 vastationes.

264 803 322 893 pla
347 797 514 869 carminis
544 793 613 872 tui,
646 791 797 860 scribam
823 787 1006 880 prolixius.
1071 781 1200 856 Vitam
1224 797 1254 853 ct
1412 783 1517 854 Meus
1535 780 1682 875 ἕρπει’)
1704 783 1769 852 tilri
1785 805 1915 851 munus
1932 785 2070 872 adparat
2085 783 2226 853 uunioert-

264 899 469 972 Erasmum
493 907 654 964 nostrum
681 891 748 962 tibi
769 891 990 962 commendo.
1043 885 1141 956 Bene
1168 886 1258 972 vale,
1312 884 1438 958 ditum.
1472 879 2121 978 Scripsidell.VudinoadCousolem
2133 881 2228 953 moos

264 1003 380 1097 pridie
396 997 472 1073 Cal.
487 996 654 1070 Decemb.
1311 995 1538 1058 montanum.
1590 985 1687 1056 Rene
1707 998 1744 1056 et
1764 985 1914 1054 feliciter
1935 985 2022 1054 vale.
2067 983 2146 1054 Deus
2161 1000 2229 1054 send

776 1087 965 1184 Philippus
982 1083 1207 1160 lllclantlron.
1313 1101 1347 1158 ct
1369 1090 1595 1158 domesticam
1611 1085 1805 1158 Ecclesiam
1829 1101 1975 1156 tuamet
1994 1086 2158 1177 publicam.
2174 1083 2233 1158 trit.

1313 1187 1388 1263 Cal.
1402 1187 1569 1262 Decemb.

270 1323 1259 1357 ---------·—---—-----····
1417 1288 1555 1360 Vellem
1572 1301 1606 1360 te
1620 1310 1762 1382 quoquc
1776 1287 1929 1358 scribere
1941 1288 1984 1358 ad
2000 1281 2092 1358 lrunc
2103 1282 2235 1358 Consnlon

1316 1395 1648 1462 Anuaemontanum
1664 1383 1878 1474 Bavarurn,
1903 1391 1948 1460 ad
1964 1413 2067 1482 quem
2085 1411 2137 1478 ego
2152 1385 2237 1476 scripsi,
2271 1469 2272 1472 Ἴ

265 1503 333 1576 No.
350 1498 465 1575 4986.
1104 1501 1164 1566 so.
1181 1493 1261 1560 Nor.
1318 1494 1372 1562 vel
1387 1496 1430 1562 ad
1447 1493 1575 1576 alitam,
1600 1491 1630 1562 si
1651 1515 1756 1586 quern
1778 1491 1890 1576 nosti,
1915 1503 1977 1562 aut
1998 1503 2086 1586 certe
2104 1487 2167 1560 istic
2181 1487 2238 1556 litto

273 1596 446 1628 Μ
1125 1588 1262 1620 Μ
1317 1617 1373 1664 ras
1397 1595 1441 1664 ab
1461 1593 1582 1662 amicis
1606 1593 1795 1684 impetrare
1810 1593 1951 1683 poteris.
2002 1589 2168 1662 Somnium
2186 1583 2238 1656 nili

557 1691 707 1778 [oudil-
736 1689 1014 1779 camerario·
1317 1695 1544 1764 denunciavit
1570 1685 1742 1788 βούδορα
1768 1691 1905 1786 ἤματα.
1966 1690 2055 1762 Nam
2084 1685 2157 1760 haec
2175 1690 2239 1758 verba

337 1875 424 1948 ΕΜ
439 1871 472 1926 'd
486 1868 623 1926 omem.
636 1885 664 1938 p.
677 1866 731 1920 ⁶⁵⁰
742 1883 803 1938 tt‘t·
816 1863 870 1934 (ὠ.
882 1861 970 1919 band.
983 1861 1030 1918 Hb·
1045 1859 1093 1918 lv·
1108 1876 1150 1930 ep.
1162 1859 1246 1926 m).
1317 1798 1526 1882 audiebam,
1552 1797 1701 1866 allatura
1720 1817 1793 1866 esse
1813 1817 2072 1988 parcpppipppprps·
2087 1885 2218 1963 Melampu

269 2026 495 2106 Clarissimo
518 2020 596 2093 viro
622 2013 823 2090 eruditione
847 2024 879 2088 et
905 2013 1035 2086 virtute
1055 2011 1267 2111 praestanti
2271 2005 2272 2076 l

311 2127 340 2202 I
346 2121 556 2201 oachimo
583 2111 857 2193 Camerario
876 2113 1002 2218 fratri
1015 2140 1084 2186 suo
1098 2113 1227 2187 cariss.
1323 2097 2243 2122 Μ

273 2265 322 2356 S.
347 2277 392 2352 D.
442 2274 525 2345 Non
540 2267 858 2362 accipiodulciores
875 2265 1008 2336 litteras
1022 2261 1264 2352 exNoriberga
1318 2230 1385 2304 ΝΟ·
1412 2227 1525 2306 4937·
1865 2231 1871 2238 ’
2106 2231 2246 2314 (hortm.)

274 2403 439 2474 agenero
453 2368 661 2456 Osiundri,
686 2395 792 2466 quam
807 2384 846 2440 tu
863 2369 907 2437 ab
931 2365 995 2436 illo
1013 2379 1130 2434 vetere
1151 2363 1265 2433 amico
1327 2325 1499 2358 m
1645 2415 1695 2500 D
1742 2413 1807 2502 Ch
2091 2329 2242 2370 *Ν

274 2497 417 2564 nostro,
445 2503 485 2548 ac
499 2478 624 2546 videor
637 2469 727 2542 milri
745 2471 871 2540 iustius
888 2467 989 2560 queri
1003 2467 1047 2534 de
1062 2461 1132 2536 hoc
1146 2466 1266 2534 adole-
1696 2477 1707 2502 ·
1806 2425 1982 2528 ,Virm-

274 2597 411 2668 scente,
436 2603 542 2674 quern
564 2575 686 2646 multis
708 2571 854 2664 privatis
870 2568 996 2640 officiis
1011 2567 1105 2653 iuvi,
1130 2567 1190 2636 sed
1214 2579 1267 2636 ta·
1387 2571 1426 2628 tta
1439 2573 1509 2630 Dav.
1522 2571 1648 2648 chytraet
1663 2571 1785 2646 epotatis
1798 2587 1825 2640 p.
1840 2570 1916 2628 1224.

274 2688 319 2756 lis
343 2699 394 2754 est
410 2678 499 2752 baec
520 2691 626 2750 aetas.
674 2671 753 2746 Etsi
776 2685 893 2742 autern
918 2669 1042 2756 video,
1067 2679 1201 2762 quanto
1227 2667 1268 2736 in

276 2787 360 2858 odio
384 2797 419 2854 et
439 2779 598 2874 periculo
619 2777 706 2862 sim,
735 2787 853 2846 tamen
881 2767 945 2841 bas
967 2791 1154 2841 aerumnas
1175 2769 1267 2838 terre

276 2887 390 2970 malo,
415 2907 522 2977 queam
546 2903 619 2949 esse
642 2878 728 2950 tuba
747 2871 876 2968 belli¹)
893 2871 1146 2956 crudelissimi,
1171 2871 1267 2964 quod
1320 2845 1379 2907 ⁸¹⁶

276 3001 416 3059 motum
431 3007 503 3054 esse
516 2983 696 3063 videmus,
720 2999 782 3046 seu
796 2975 889 3060 fato,
903 2995 965 3043 seu
981 2997 1117 3057 errore,
1142 2995 1205 3042 seu
1219 2972 1269 3040 ir-

277 3089 395 3161 ritatis
418 3083 627 3175 Principum
656 3078 786 3150 animis
818 3073 1013 3170 petulantia
1045 3074 1269 3164 scriptorum,
1322 3064 1373 3157 S.
1394 3077 1442 3152 D,
1493 3075 1833 3166 CarissimeDavid‚
1852 3083 1896 3150 de
1912 3073 2250 3170 saeerd0123n0p2‚ui

278 3193 343 3286 qui
358 3213 395 3259 δὲ
409 3187 447 3255 in
462 3186 542 3255 iiiii
555 3205 652 3253 arcti
666 3180 894 3252 obdidffllssi·
920 3199 960 3246 δῦ
974 3175 1135 3246 animum
1150 3177 1195 3244 od
1217 3175 1271 3244 ie-
1323 3181 1506 3276 epistolam
1528 3183 1572 3250 ad
1597 3203 1660 3250 vos
1680 3181 1865 3266 dederam,
1896 3181 1998 3252 vobis
2020 3183 2160 3272 gratiam
2178 3175 2253 3248 habco

277 3293 390 3366 reuda
411 3313 474 3372 ea,
503 3307 592 3380 quae
614 3283 789 3366 accident,
814 3299 1008 3370 praeparo,
1033 3277 1135 3350 etad
1157 3276 1271 3346 lilium
1324 3285 1400 3357 scis
1424 3283 1530 3352 illud:
1553 3283 1662 3378 χεῖρα
1685 3274 1834 3354 πεσόντι
1854 3277 1983 3368 didov,
2014 3287 2135 3357 σῶσον
2153 3277 2186 3354 dl
2203 3275 2252 3349 dte

277 3392 348 3466 Dei
361 3385 662 3480 confugio,eique
678 3398 712 3454 et
725 3379 899 3452 Ecclesiae
912 3391 948 3449 et
961 3373 1047 3448 baec
1063 3392 1183 3448 nostra
1196 3390 1272 3447 stu·
1324 3381 1500 3482 ρίσταωγ
1522 3379 1656 3478 ἄνδρα,
1713 3379 1762 3454 Et
1793 3409 1877 3470 om,
1906 3397 1947 3455 up
1979 3381 2100 3456 adhue
2131 3385 2159 3454 εἰ
2181 3383 2254 3452 „idm

279 3497 358 3580 dia,
383 3506 420 3562 et
432 3489 585 3560 familias
606 3500 744 3556 nostras
757 3481 989 3564 commendo,
1012 3503 1078 3550 nec
1091 3479 1216 3550 dubito
1239 3478 1273 3548 ei
1326 3485 1514 3582 quaeratis,
1563 3485 1616 3556 De
1637 3497 1695 3554 tua
1719 3487 1924 3578 quaestione
1947 3486 2022 3556 ecio
2046 3501 2081 3558 20
2095 3488 2196 3555 videre
2207 3477 2253 3574 qo'l

280 3619 347 3666 nos
366 3613 471 3664 curae
487 3613 580 3673 esse,
604 3611 670 3656 nec
692 3599 795 3656 antea
812 3577 901 3652 mihi
915 3574 1167 3673 πολιτεύματα
1179 3581 1273 3650 auli·
1325 3588 1550 3659 statuendum
1565 3585 1619 3661 sit,
1655 3583 1806 3656 Etiamsi
1821 3609 1959 3679 ,emper
1973 3588 2107 3683 aliqui,
2122 3579 2256 3658 comp

282 3721 342 3780 ca,
369 3717 435 3764 nec
463 3691 549 3760 belli
571 3687 720 3782 consilia
742 3707 840 3754 nunc
864 3683 1020 3775 placent,
1044 3696 1078 3752 ct
1100 3696 1272 3774 meantum
1326 3691 1491 3780 exiguus,
1513 3688 1576 3781 qui
1600 3687 1669 3757 fuit
1686 3711 1768 3758 vera
1788 3683 1967 3770 Ecclesia,
1988 3701 2108 3760 tamen
2128 3677 2271 3757 ministri

281 3820 362 3867 meo
376 3797 455 3864 loco
471 3791 591 3881 potui,
614 3787 755 3858 ostendi
770 3785 858 3880 quid
872 3783 1051 3858 sentirem.
1101 3783 1274 3855 Seditiose
1327 3779 1408 3883 μὴ
1430 3813 1556 3879 magna
1580 3789 1649 3859 fuit
1670 3811 1772 3878 saepe
1794 3793 1886 3880 ,pud
1914 3789 2065 3882 impio„
2099 3805 2136 3862 u,
2158 3803 2256 3876 ,emm

282 3893 494 3968 tumultuari
516 3913 590 3961 non
612 3889 729 3968 volui,
755 3911 826 3980 qua
848 3884 887 3954 in
911 3909 950 3954 re
972 3885 1002 3954 si
1024 3885 1182 3976 peccavi,
1214 3897 1275 3954 aut
1327 3891 1464 3962 Mariae
1481 3891 1575 3982 apud
1594 3883 1801 3959 Pharisaeos
1818 3903 1851 3959 et
1865 3889 2105 3967 Sadducaeos,
2137 3887 2255 3961 Etunu

282 4021 407 4091 pecco,
439 3991 697 4064 ⁰¹⁰¹¹⁸iii⁰¹¹⁰m
718 3990 843 4058 iidem·
873 3981 1022 4070 hibere,
1053 3988 1148 4078 qumi
1182 3981 1276 4054 nihil
1328 4019 1395 4062 vox
1412 3991 1594 4062 doctrinae
1609 3989 1678 4060 fuit
1691 3991 1730 4059 in
1745 4013 1829 4060 vero
1844 4005 1965 4063 coetu:
1991 3990 2091 4064 Hace
2114 4015 2183 4086 pars
2198 3981 2256 4056 nini

281 4099 508 4192 proficerem,
528 4106 564 4164 et
582 4091 805 4178 gravissimas
827 4109 966 4158 caussas
988 4081 1100 4158 habui
1122 4110 1186 4156 cur
1210 4111 1275 4156 nec
1328 4095 1425 4166 sterit
1440 4093 1558 4185 potior
1574 4103 1636 4162 est.
1685 4089 1734 4162 Et
1746 4086 1786 4160 hi
1802 4115 1940 4185 semper
1955 4094 1994 4163 in
2013 4087 2255 4166 contessiontloe

283 4213 387 4271 antea
409 4199 455 4268 ad
479 4195 561 4265 illos
580 4180 813 4288 Cyelopos²)
836 4187 1059 4272 accesserim,
1096 4211 1161 4258 nec
1181 4212 1277 4258 nunc
1329 4208 1415 4266 runt
1437 4193 1586 4264 seiuncti
1610 4193 1656 4262 ab
1673 4188 1835 4264 hostibus
1852 4219 1955 4264 ,me
1972 4197 2164 4268 doctrinae·
2202 4187 2255 4260 pu„

284 4325 328 4372 eo
351 4300 531 4380 accedam,
561 4318 689 4387 meque
715 4307 896 4384 utcunque
916 4289 1128 4360 conscientia
1162 4303 1276 4359 rectae
1331 4299 1453 4367 eadem
1466 4295 1556 4366 fiunt
1570 4295 1693 4364 eodem
1710 4296 1830 4365 modo.
1881 4283 2256 4390 Necsemperlursinib

285 4399 480 4473 voluntatis
494 4410 663 4469 sustento.
696 4392 866 4482 Quaesivi
883 4391 921 4460 in
932 4413 1057 4480 magua
1071 4391 1277 4461 contusione
1330 4413 1391 4470 est,
1445 4395 1496 4467 Ac
1513 4391 2070 4488 eriaminverassoelesia‚proh
2088 4387 2257 4478 ,polonum

281 4502 520 4596 opinionum,
542 4495 790 4587 explicationes
811 4515 912 4563 verae
933 4505 968 4562 er
986 4491 1092 4562 utiles
1109 4493 1278 4564 discenti·
1331 4515 1406 4570 rom
1425 4511 1475 4567 est
1490 4496 1649 4587 caliginis
1664 4495 1869 4590 aliquando.
1920 4497 2086 4570 scribam
2105 4491 2258 4594 plurale

284 4599 490 4688 bus‚etfui
506 4594 668 4668 hortator
685 4595 863 4666 iuventuti
879 4593 1157 4665 addiscendum.
1192 4591 1279 4664 Tibi
1332 4599 1460 4694 quires.
1513 4597 1617 4668 Nunc
1641 4598 1737 4668 enim
1766 4622 1842 4669 sero
1870 4600 2054 4670 audieram
2086 4601 2258 4693 prolectant

284 4705 426 4779 facilior
446 4715 499 4772 est
514 4699 671 4769 defensio
693 4699 747 4768 tui
764 4696 932 4768 curriculi
947 4710 982 4767 et
996 4695 1176 4766 actionum
1198 4708 1279 4766 tua·
1332 4725 1404 4770 esse
1437 4699 1556 4769 virum
1582 4699 1814 4769 clarissimum
1842 4701 1885 4771 D.
1907 4693 2167 4775 Laurentium,
2212 4691 2259 4762 led

286 4829 385 4891 rum,
408 4807 468 4875 sed
493 4794 969 4886 demesimulboccugito,
995 4793 1087 4866 mihi
1110 4795 1280 4866 intentis
1333 4801 1409 4871 vale
1432 4814 1467 4870 et
1495 4799 1658 4874 rescribe.
1716 4799 1874 4872 Salutem
1905 4815 1989 4894 opto
2012 4805 2094 4874 viro
2116 4789 2257 4875 Reverendo

287 4908 440 4976 aliorum
457 4903 640 4974 tutoribus
656 4901 790 4991 ignosci
808 4920 1066 4992 aequumesee,
1090 4899 1206 4969 sicubi
1227 4897 1280 4968 la·
1332 4901 1478 4974 Doctori
1505 4897 1730 5001 Aurisahm,
1754 4915 1788 4972 et
1810 4903 1889 4972 2135,
1913 4901 2041 4974 vemt,
2065 4905 2202 4996 coplegp,
2232 4887 2270 4960 fr¹

288 5028 486 5098 P⁸¹1⁸⁸1¹¹¹¹2
506 5005 610 5074 video
626 5015 659 5072 ei
676 5003 828 5072 oliorum
849 4999 959 5090 magis
975 5011 1064 5068 tetra
1079 5013 1205 5084 errata,
1220 4998 1281 5092 qui
1334 5005 1403 5074 lius
1418 5003 1580 5074 Doctoris
1598 4997 1824 5101 Pseffingeri
1844 5003 1899 5076 M.
1914 4997 2110 5075 Iohannes
2134 5008 2167 5075 in
2180 4995 2256 5072 tote

289 5129 364 5178 sese
380 5107 620 5189 admirantur,
647 5117 682 5174 et
695 5101 851 5176 Semidei
867 5095 1047 5193 perhiberi
1059 5101 1201 5172 volunt:
1221 5102 1282 5170 sed
1335 5107 1442 5176 miam
1460 5106 1641 5174 coelestem
1660 5119 1822 5176 evocatus
1844 5121 1913 5188 est,
1938 5121 2042 5198 pater
2064 5129 2181 5198 magno
2198 5097 2256 5168 iulo

1337 5223 1395 5278 ctu
1411 5219 1472 5277 est.
1524 5203 1662 5277 Gallica
1679 5219 1712 5278 et
1728 5203 1879 5278 Turcica
1904 5209 1997 5278 bella
2019 5223 2115 5282 mota
2136 5217 2211 5278 sont
2240 5185 2254 5258 l

1320 2727 1547 2806 Clarissimo
1581 2723 1698 2816 Viro,
1741 2723 1942 2800 eruditione
1976 2738 2010 2798 et
2046 2730 2164 2800 virtute
2187 2749 2246 2824 pru

1383 2833 1459 2920 nti,
1485 2827 1671 2904 Doridi
1695 2820 1950 2927 Chylraeo,
1976 2829 2020 2902 in
2036 2827 2249 2904 Academias

1397 2931 1496 3032 clytu
1511 2927 1792 3020 Rostoediano,
1817 2929 1937 3004 amico
1950 2957 2021 3006 suo
2036 2931 2210 3006 carissimo

294 5279 518 5298 ‘'u-

327 5367 354 5435 1)
374 5366 555 5448 Megdeburff.
590 5367 624 5419 C.
641 5361 698 5416 W.
1336 5367 1555 5384 .....-.....

326 5453 356 5521 2)
379 5453 509 5507 Saxones.
545 5450 579 5504 C.
590 5447 650 5504 W.
1375 5447 1405 5516 3)
1425 5448 1540 5504 Peucer.
