4592 6218
56 329 123 406 758

50 497 173 592 Scripsi
198 493 242 566 ad
256 493 414 566 nabilem
431 495 548 568 virum
564 496 753 569 dominnm
769 491 1029 568 Baldasaram

51 597 89 672 de
102 591 301 691 Rechherg.
337 591 396 668 Ad
413 591 511 670 bunc
526 599 621 674 enim
637 600 732 670 filius
746 611 828 669 tuns
842 598 1030 690 praecipue

48 701 264 774 scribendum
297 721 371 770 erse
390 699 586 773 indicabat.
648 697 719 771 Sed
741 701 771 768 si
794 700 912 770 literas
934 722 1030 770 meas

47 805 239 897 profuturas
264 798 296 870 ei
318 799 536 872 existimabis
557 802 603 871 ad
625 801 732 886 alios,
757 803 874 872 valed
889 800 1030 872 Princi-

45 929 118 1000 pem
149 903 315 994 srriptas,
353 925 429 972 non
460 902 573 974 deerit
605 901 672 974 tibi
701 923 821 972 meum
860 901 1029 974 nitidum.

44 1007 147 1098 Spero
168 1003 236 1074 tibi
257 1003 374 1074 filium
395 1002 572 1095 voluptati
593 1003 688 1088 iore,
714 1017 748 1075 et
764 1000 881 1074 Deum
903 1027 966 1074 oro
988 1015 1031 1074 nt

44 1131 118 1178 enm
138 1117 254 1178 servet
279 1117 314 1175 et
333 1115 442 1196 regat.
493 1102 592 1174 Bene
608 1118 642 1175 ct
657 1104 806 1188 feliciter
820 1105 911 1182 vate.
959 1101 1029 1176 Dic

43 1205 263 1302 Aequinoctii
277 1205 398 1288 meni,
423 1201 533 1278 Αηιιο
551 1202 662 1282 1551.

52 1625 114 1702 No.
133 1625 250 1704 4864.

44 1726 254 1766 Μ

257 1830 386 1917 Hier.
416 1825 805 1940 Baamgnrtnero.

98 2001 186 2144 Epatist.l
192 2001 252 2127 ⁵lqb.
266 2002 316 2060 Vl.
334 2021 362 2074 p.
376 2001 427 2058 171
439 2019 481 2076 sq.
508 2000 562 2060 tite
573 2021 604 2058 es
616 2003 784 2078 autographo
797 2003 826 2061 in
839 2005 901 2066 eat.
915 2004 995 2064 Mon.
1007 2005 1032 2062 1.

857 1637 1030 1758 Q

34 2237 189 2321 Clariss.
207 2243 290 2316 viro
314 2286 362 2302 -
387 2239 442 2315 D.
463 2243 748 2342 Hieronymo
773 2243 1030 2344 Bomgart-

56 2371 176 2434 nero,
203 2343 386 2420 Senatori
400 2345 560 2444 inclytae
577 2345 680 2418 urhis
696 2343 929 2446 Norihergne
946 2359 1008 2427 etc.

33 2495 77 2582 S.
101 2509 150 2582 D.
202 2508 292 2583 Scio
316 2524 352 2582 te
373 2533 439 2603 pro
460 2523 523 2582 tuo
547 2533 686 2582 summo
711 2515 865 2584 candore
883 2539 958 2586 non
973 2539 1032 2588 so-

33 2611 101 2680 lnm
135 2611 259 2682 oiiicia
295 2611 332 2682 in
368 2611 515 2703 pagellis
547 2612 733 2684 mittendis
758 2615 930 2708 probare,
969 2621 1030 2688 sed

32 2713 131 2782 etiarn
147 2713 363 2796 consilium,
385 2714 482 2806 quod
497 2713 583 2784 tales
600 2715 762 2784 materias
777 2717 1032 2790 adolescentiae

31 2815 280 2906 proponimus.
337 2811 410 2886 Sed
428 2835 579 2905 agnosco
603 2839 717 2886 meam
733 2817 974 2892 infirmitatem
991 2845 1031 2892 ac

30 2916 184 2990 maciem.
255 2909 392 2986 Omnia
415 2928 498 2986 sunt
521 2915 756 3010 squalidiora,
789 2944 879 3014 quae
904 2923 1031 3008 scribo,

29 3039 129 3108 quam
153 3027 191 3090 et
214 3017 349 3088 vellem
373 3039 447 3087 esse
463 3029 586 3087 etesse
600 3019 797 3105 debebant,
822 3045 863 3092 ac
877 3025 1030 3114 optarim

29 3119 111 3188 alios
133 3141 282 3190 sumere
299 3113 397 3190 bunc
413 3119 584 3193 laborem.
635 3115 678 3189 ln
695 3122 855 3192 oratione
871 3125 915 3194 de
931 3121 1031 3196 Duce

27 3211 198 3290 Iohanne
215 3221 294 3292 acio
311 3219 378 3290 tibi
393 3219 566 3312 placuisse
581 3215 710 3292 Dionis
726 3224 832 3294 verba
847 3225 891 3294 de
906 3222 1031 3298 Marco

29 3319 237 3406 Antonino,
280 3343 371 3415 quae
404 3321 608 3392 invenimus
634 3325 728 3416 apud
756 3321 916 3397 Suidam.
983 3325 1032 3400 Et

27 3423 106 3514 quia
129 3423 333 3516 imaginem
357 3423 464 3494 etiam
487 3435 632 3494 tuorum
648 3447 790 3494 morum
808 3447 882 3496 esse
900 3427 1033 3515 iudico,

26 3525 226 3596 adscribam
243 3523 355 3594 verba
372 3521 523 3595 Graece:
555 3517 682 3616 ὅμοιος
701 3521 765 3599 ded
786 3519 941 3601 πάντων
954 3525 1033 3628 iys‘-

25 3647 105 3696 rera
124 3621 194 3698 reni
217 3625 266 3698 ἐν
287 3621 415 3698 οὐδενὶ
438 3617 645 3718 ἠλλοιώθη,
679 3623 829 3725 ἀγαθὸς
848 3623 890 3702 di
906 3623 954 3723 ἦν
968 3626 1033 3704 καὶ

26 3721 134 3800 οὐδὲν
151 3721 415 3822 προσποίητον
432 3721 523 3818 εἶχε·
558 3719 759 3818 πάμπολλα
776 3725 839 3802 καὶ
857 3725 931 3804 ὑπὸ
948 3757 1034 3804 παι-

24 3823 122 3910 δείας
147 3821 352 3926 ὠφελήθη.
404 3825 483 3898 Hoc
504 3841 724 3920 postremum
748 3831 948 3904 membrum
970 3836 1034 3904 ad-

24 3929 105 4002 dere
121 3933 169 4002 de
188 3932 276 4000 viro
295 3929 464 4000 illiterato
483 3951 557 3998 non
574 3930 684 4022 potui.

122 4057 335 4138 Matthaei
347 4059 384 4160 *)
413 4063 527 4134 nostri
556 4063 722 4134 interitus
743 4061 833 4135 mihi
858 4073 892 4137 et
913 4067 1036 4138 multis

21 4169 99 4240 aliis
116 4189 304 4260 magnum
320 4167 481 4236 dolorem
495 4165 625 4236 attulit.
656 4163 728 4236 Sed
744 4189 887 4238 oremus
900 4166 1034 4240 Filium

22 4267 107 4358 Dei,
136 4285 182 4342 ιιι
201 4267 405 4340 Ecclesiam
429 4290 528 4338 suam
549 4283 582 4338 et
603 4289 671 4335 nos
688 4267 726 4336 in
741 4291 781 4338 ea
796 4283 912 4342 servet
925 4295 965 4342 ae
980 4295 1037 4340 re-

20 4387 86 4460 gat.
142 4367 329 4444 Ulricum
352 4363 522 4464 Sicinger
545 4381 581 4440 et
602 4361 824 4442 Munsleros
850 4371 917 4443 tibi
940 4395 1036 4442 com-

24 4477 177 4548 mendo.

123 4601 214 4678 Oro
249 4601 355 4672 etiam
382 4599 497 4672 sicubi
521 4599 669 4672 Ductori
694 4593 886 4676 Leonarto
908 4628 1036 4696 genero

16 4701 196 4780 Doctoris
223 4695 445 4781 Christiani
471 4702 677 4774 benefacere
704 4705 852 4798 poteris,
889 4723 930 4778 ut
956 4733 1035 4778 eum

18 4811 224 4880 autoritate
250 4819 285 4876 et
305 4803 556 4894 suffragatione
578 4817 637 4874 tua
662 4804 772 4880 iuves.
839 4805 949 4880 Mitto
971 4811 1038 4880 tibi

15 4911 196 5002 pagellas.
256 4903 418 4978 Scribam
436 4905 523 4974 alias
535 4904 724 4995 copiosius.
773 4907 871 4978 Bene
886 4926 921 4983 et
935 4909 1038 4980 ioeli-

17 5013 109 5082 citer
125 5011 233 5082 vale.
285 5002 354 5079 Die
369 5005 585 5102 aequinoctii
601 5007 715 5080 verni.
751 5006 860 5082 1551.

559 5101 748 5200 Philippus
767 5105 991 5184 Melanthon.

25 5253 276 5274 m

49 5359 81 5424 Φ)
104 5353 249 5416 irenaei,
268 5352 324 5416 rid.
342 5351 438 5428 apud
457 5351 565 5409 uae.
583 5353 611 5408 d.
629 5351 656 5410 8.
675 5349 758 5411 Mart.

607 319 1044 402 EPISTULARUM
1093 323 1196 396 Llss.
1231 320 1314 401 tlt.
1368 317 1495 402 1551.

1916 507 1977 574 20.
1987 499 2079 566 Mart.

1080 491 1147 568 No.
1162 489 1275 568 4⁸65.

1088 590 1259 622 Μ
1906 591 2079 627 ww

1399 678 1466 766 Io.
1495 679 1763 766 Matthen'o.

1149 851 1233 928 aaa
1248 851 1296 910 trs.
1310 851 1346 913 n.
1365 871 1392 926 p.
1404 851 1448 910 aa.
1464 849 1520 924 aa
1533 849 1626 908 aare.
1638 849 1687 908 ns.
1699 849 1735 910 ιι.
1752 851 1875 926 ...ιιι

1281 1007 1338 1084 D.
1364 1003 1582 1083 Iohanni
1601 997 1873 1081 Malthesio

1081 1141 1131 1232 S.
1156 1153 1203 1234 D.
1246 1155 1462 1235 Reverende
1477 1157 1534 1229 vir
1549 1169 1584 1230 et
1596 1149 1802 1232 charissime
1814 1157 1935 1234 frater.
1985 1154 2079 1235 cem

1081 1253 1150 1330 boc
1164 1253 1348 1355 Gregorio
1367 1261 1429 1332 alii
1444 1283 1504 1331 ser
1519 1259 1634 1332 auditi
1648 1273 1683 1334 et
1698 1259 1831 1334 initiati
1844 1272 1929 1331 sunt
1942 1261 1988 1332 ad
2006 1263 2080 1332 mi-

1082 1361 1270 1434 nisterium
1284 1357 1494 1454 Evangelii,
1524 1385 1678 1458 quorum
1700 1361 1816 1456 aliqui
1833 1359 1924 1432 benc
1946 1363 2078 1436 eruditi

1082 1478 1193 1540 erant.
1245 1461 1297 1536 lta
1310 1461 1426 1536 Filius
1440 1459 1508 1536 Dei
1524 1462 1661 1556 colligit
1672 1463 1742 1536 sibi
1755 1459 1949 1536 Ecclesiam
1968 1477 2003 1534 et
2017 1465 2079 1536 dat

1082 1567 1195 1648 dona,
1229 1565 1267 1638 id
1289 1579 1359 1652 cst,
1390 1581 1548 1659 pastores
1573 1565 1762 1650 salutares,
1794 1563 1933 1637 ecia-si
1959 1563 2079 1636 delere

1082 1663 1275 1741 Ecclesiam
1302 1665 1493 1740 Pontifices
1521 1667 1625 1760 impii
1652 1678 1840 1742 conantur.
1904 1657 2081 1760 Gregorii

1083 1770 1280 1842 doctrinam
1304 1783 1340 1842 et
1360 1793 1478 1840 mores
1501 1767 1682 1840 interdum
1703 1791 1725 1840 a
1748 1781 1784 1840 te
1803 1765 1933 1860 inspici
1960 1767 2081 1853 velim,

1083 1871 1182 1941 vides
1207 1895 1296 1966 quae
1319 1873 1366 1942 sit
1388 1885 1493 1946 aetas.
1542 1867 1592 1942 Et
1612 1861 1760 1940 Paulus
1780 1892 1856 1940 non
1879 1867 1957 1938 eine
1979 1870 2080 1960 gravi

1083 1997 1186 2044 causa
1202 1987 1323 2045 monet
1338 1975 1382 2044 de
1393 1965 1593 2068 neophytis.
1643 1967 1716 2043 Sed
1732 1985 1851 2043 tamen
1867 1993 1947 2040 cnm
1962 1970 2080 2042 desint

1082 2076 1239 2148 seniores
1259 2087 1403 2147 utamur
1423 2075 1530 2146 etiam
1546 2071 1768 2156 iunioribus,
1793 2095 1946 2166 quorum
1961 2071 2080 2142 studia

1084 2191 1118 2248 et
1134 2201 1250 2250 rnores
1268 2191 1438 2268 regantur
1452 2199 1472 2248 a
1488 2173 1701 2249 senioribus.
1749 2171 1859 2244 Mitto
1877 2173 1943 2242 tibi
1959 2173 2081 2266 pagel-

1083 2281 1225 2350 lasmeo
1239 2303 1349 2353 more.
1373 2276 1472 2350 Bene
1484 2278 1563 2350 vale
1576 2291 1612 2349 et
1625 2275 1793 2358 rescribe,
1813 2275 1872 2346 die
1884 2275 1944 2346 20.
1955 2273 2081 2346 Martii

1087 2378 1196 2457 1551.

1905 2789 1963 2852 21.
1977 2779 2067 2846 Mart.

1903 2871 2076 2903 w

1083 2785 1149 2858 No.
1164 2783 1277 2860 4866.

1089 2881 1260 2928 *pem

1331 3047 1335 3054 .
1431 2963 1487 3052 1..
1517 2963 1729 3051 Mollero.

1181 3129 1265 3204 epa.
1283 3127 1332 3188 n.
1344 3123 1380 3184 v.
1396 3141 1424 3197 p.
1436 3124 1491 3180 eso
1504 3141 1564 3198 aq.

1082 3283 1350 3362 Laurentio
1388 3276 1644 3476 milri)
1663 3267 1960 3376 (Concionatori
1986 3273 2082 3348 Hil-

1532 3403 1627 3452 esrae

1083 3527 1133 3616 S·
1159 3537 1205 3616 D.
1244 3534 1474 3628 Integerrime
1488 3532 1557 3614 vir,
1576 3542 1610 3600 et
1624 3525 1736 3598 amice
1751 3519 1967 3596 charissime.
1997 3521 2081 3596 Non

1085 3643 1216 3714 mortui
1245 3637 1445 3710 laudabunt
1476 3645 1511 3704 te
1540 3627 1726 3728 Domine,¹
1747 3625 1866 3720 inquit
1891 3617 2081 3717 Propheta.

1085 3743 1227 3836 Quare,
1252 3765 1331 3812 cum
1355 3740 1399 3810 ad
1415 3735 1594 3806 docendos
1610 3730 1699 3801 alios
1713 3749 1804 3820 opus
1820 3727 1865 3796 sit
1878 3725 2082 3798 senioribus

1087 3859 1178 3917 recte
1193 3841 1365 3913 institutis
1381 3851 1416 3909 et
1430 3835 1565 3930 peritis,
1587 3829 1686 3904 Deus
1701 3829 1858 3901 orandus
1873 3840 1937 3913 cst,
1960 3841 2002 3899 ut
2012 3825 2083 3898 ali-

1086 3949 1216 4042 quibus
1232 3943 1342 4013 vitam
1359 3940 1556 4030 longiorem
1574 3935 1760 4017 concedat,
1782 3941 1817 4000 et
1832 3929 2010 4000 infirmam
2026 3951 2083 3998 se-

1088 4061 1224 4119 nectam
1239 4045 1421 4137 gubernet.
1453 4039 1523 4112 Sed
1539 4037 1695 4132 prosecta
1710 4055 1870 4104 veravox
1886 4043 1953 4100 est:
1979 4027 2082 4100 Beati

1088 4149 1242 4234 mortui,
1268 4147 1331 4242 qui
1355 4145 1392 4214 in
1406 4141 1563 4214 Domino
1585 4137 1801 4208 moriuntur.
1851 4129 1938 4200 ldeo
1960 4143 2083 4220 gratu·

1089 4253 1203 4323 lemur
1230 4249 1317 4344 piis,
1349 4247 1411 4341 qui
1433 4239 1519 4314 hinc
1543 4241 1586 4310 ad
1607 4239 1791 4310 caelestem
1818 4227 1975 4302 scholam
1997 4253 2082 4300 evo-

1088 4367 1224 4426 cantur.
1259 4349 1309 4422 Et
1322 4365 1451 4430 tamen,
1470 4356 1642 4438 quantum
1658 4336 1755 4408 Dens
1772 4332 1946 4416 concedit,
1972 4353 2082 4426 quae-

1089 4479 1207 4526 ramus
1229 4471 1352 4522 rursus
1375 4438 1532 4546 ἐργάτας
1554 4443 1710 4512 idoneos.
1768 4429 1822 4504 Ac
1848 4434 1944 4505 sedet
1966 4431 2082 4502 Filius

1088 4555 1155 4629 Dei
1172 4559 1216 4626 ad
1233 4555 1389 4624 dextram
1406 4543 1539 4617 aeterni
1553 4539 1688 4625 Patris,
1712 4536 1802 4606 dans
1816 4535 1909 4604 dona
1923 4529 2081 4604 homini-

1090 4663 1174 4740 bus,
1206 4655 1368 4726 Pastores
1395 4662 1429 4718 et
1455 4645 1626 4717 Doctores
1654 4639 1840 4721 salutares,
1877 4657 1982 4728 quem
2006 4657 2082 4720 oro,

1089 4773 1128 4830 nt
1144 4771 1279 4828 vestrae
1295 4750 1470 4824 Ecclesiae
1485 4747 1589 4817 etiam
1605 4743 1739 4816 tribuat
1752 4737 1934 4808 Pastorem
1951 4735 2082 4806 saluta-

1091 4885 1176 4934 rem.
1210 4855 1258 4927 Et
1273 4855 1355 4950 quia
1373 4851 1452 4922 vult
1464 4845 1562 4919 Deus
1577 4841 1754 4938 Ecclesiae
1767 4837 1945 4927 suffragiis
1962 4837 2082 4906 vocari

1090 4963 1262 5056 aliquem,
1294 4951 1444 5046 cogitavi
1466 4951 1511 5020 de
1536 4949 1599 5031 iis,
1628 4965 1781 5040 qnorum
1802 4939 1911 5008 recito
1934 4933 2096 5008 nomina'

1092 5064 1127 5132 in
1147 5061 1434 5154 pagella‚-qnam
1451 5047 1506 5120 bis
1522 5047 1632 5119 literis
1652 5041 1789 5114 inclusi.

1193 5161 1300 5232 Mitto
1317 5157 1382 5229 tibi
1399 5151 1560 5248 pagellas,
1585 5170 1671 5242 quas
1687 5165 1783 5213 nunc
1799 5139 1843 5208 ad
1858 5159 2004 5207 menum
2018 5133 2083 5206 ba-
2100 5221 2105 5232 Ι

1064 5278 1068 5326 ι
1092 5265 1232 5336 bebam.
1289 5259 1408 5333 Hodie
1431 5245 1591 5348 παρήλια
1613 5247 1704 5318 vidit
1725 5240 1879 5313 nuncius
1900 5249 1981 5308 tuus
2002 5251 2084 5308 ante

1064 5329 1069 5411 ¹
1092 5367 1197 5436 aedes
1208 5369 1520 5449 mem,.conspeeta
1535 5353 1608 5422 iere
1623 5371 1689 5442 per
1702 5349 1790 5416 duae
1805 5335 1945 5411 barasa
1960 5361 2084 5427 magna

949 5494 955 5510 ·
1093 5467 1322 5538 multitudine
1345 5459 1566 5532 eruditorum
1590 5464 1624 5520 et
1646 5448 1795 5530 civium,
1809 5441 1950 5536 quibus
1973 5461 2085 5532 oppo-

21 5573 230 5638 Mrnem.
246 5565 349 5632 Ores.
376 5565 459 5632 Vos.
475 5565 550 5634 Vll.

1424 5559 1474 5633 ts
