4586 6224
56 355 120 432 477
623 353 1063 432 El‘lSTOLAllUM
1117 353 1222 428 nte.
1251 355 1316 434 xl.
1371 359 1502 436 rste.
2008 361 2087 438 478

57 527 171 600 ordine
196 551 385 622 corporum
411 529 539 600 mnndi
564 529 754 599 dicendum
778 544 847 614 est,
873 551 976 620 saepe
999 527 1044 618 de
1091 549 1172 596 vera
1191 521 1364 624 Ecclesia,
1390 529 1578 602 utineam
1594 557 1660 604 nos
1675 533 1755 605 fidei
1771 537 1954 618 societate,
1979 535 2083 604 invo-

54 632 179 700 ordinis
202 632 477 703 conturbatione
502 633 603 704 etde
627 632 750 717 malis,
776 655 866 726 qnae
885 630 1042 700 aversio·
1089 629 1226 698 catione
1243 645 1276 700 et
1294 633 1512 701 confessione
1530 615 1775 720 includamus:
1795 639 2002 732 ubicunque
2021 661 2083 707 su·

11 725 15 738 '
54 729 853 824 nemadeoingenerebumanosecntasunt.
903 730 1041 802 Multae
1088 751 1177 802 mus.
1231 728 1358 821 Sparsa
1379 745 1430 802 est
1443 735 1537 804 enim
1553 735 1591 804 in
1606 737 1745 808 diversa
1762 739 1922 830 imperia.
1974 736 2081 808 Seda

53 848 161 926 partes
177 837 359 907 doctrinae
375 836 535 906 coelestis
558 835 747 906 collatione
774 830 933 928 physices
957 834 1040 904 illu·
1087 833 1235 922 prolana
1258 847 1291 902 et
1321 835 1429 926 impia
1458 826 1555 925 parte
1582 840 1719 928 generis
1744 835 1894 909 hnmani
1917 839 2083 910 distincta
2107 863 2113 874 ·

52 939 320 1009 strandaesnnt.
371 936 581 1029 Saepissime
598 938 783 1007 denatura
806 931 962 1006 hominis
985 935 1041 1004 di·
1090 945 1141 1002 est
1170 933 1279 1022 signis
1305 959 1378 1006 non
1406 937 1630 1019 fallentibus,
1665 954 1704 1009 nt
1734 942 1885 1011 sciamus
1910 965 1991 1010 vere
2013 937 2082 1008 Dei

52 1041 197 1108 cendum
216 1053 284 1123 est,
310 1041 562 1108 discernendae
577 1038 772 1130 potentiae,
788 1051 822 1108 et
836 1049 1039 1126 monstran-
1084 1030 1276 1102 Ecclesiam
1294 1059 1367 1105 esse
1381 1051 1539 1122 coetum,
1563 1041 1769 1136 ubicunqne
1784 1055 1852 1126 est,
1879 1043 1941 1138 qni
1959 1063 2081 1110 vocem

50 1141 90 1210 da
108 1140 204 1234 quasi
223 1141 361 1210 diversa
375 1141 555 1212 domicilia
569 1141 783 1230 cognitionis
804 1152 838 1210 et
852 1139 1037 1232 appetitio·
1082 1131 1268 1224 Evangelii
1284 1151 1386 1207 sonat
1401 1139 1662 1232 incorruptam,
1687 1157 1720 1212 et
1743 1143 1939 1234 legitimum
1954 1141 2081 1214 Sacra-

50 1265 150 1328 unm,
176 1245 452 1328 ostendendum,
478 1244 679 1336 qnaevires
703 1239 1038 1332 langneiactaesint,
1085 1249 1286 1306 mentorum
1320 1263 1424 1309 usum
1456 1241 1602 1326 retinet,
1638 1267 1701 1313 nec
1730 1243 1828 1314 ldola
1852 1244 2080 1336 pertinaciter

48 1367 135 1438 qnae
149 1345 223 1436 regi
239 1345 424 1436 disciplina
441 1345 587 1436 possint.
637 1341 802 1438 Denique
820 1344 942 1413 multis
959 1365 1038 1432 gra·
1083 1339 1253 1407 defendit.
1305 1337 1502 1411 Haeccnm
1527 1343 1657 1424 abiis,
1685 1346 1744 1438 qui
1769 1347 1965 1416 doctrinam
1990 1343 2082 1413 Pro-

48 1445 196 1514 vissimis
220 1448 375 1516 materiis
399 1447 535 1539 aliquid
560 1446 649 1516 lncis
675 1447 775 1516 addit
798 1441 883 1516 haec
905 1445 1038 1536 qualis-
1082 1434 1259 1528 pheticam
1280 1455 1313 1510 et
1327 1438 1570 1532 Apostolicam
1589 1446 1809 1530 didicerunt,
1832 1459 1866 1516 et
1881 1471 1955 1516 non
1975 1447 2079 1516 labn-

48 1571 184 1640 ennqne
211 1561 358 1618 naturae
388 1548 554 1640 aspectio.
612 1545 710 1616 Haec
733 1547 842 1636 igitur
864 1546 981 1614 studia
1005 1557 1039 1613 et
1083 1540 1194 1610 losam
1219 1565 1292 1610 esse
1314 1545 1488 1630 sentiunt,
1514 1561 1650 1627 mente,
1673 1549 1785 1616 oculis
1807 1561 1912 1642 atque
1933 1547 2080 1617 auribus

47 1648 173 1729 amari,
198 1663 232 1718 et
246 1663 338 1720 recte
353 1649 423 1720 coli
438 1663 543 1740 opto,
569 1648 699 1742 quibus
717 1649 950 1720 certissimum
975 1660 1039 1731 est,
1082 1641 1232 1713 iudicari
1249 1645 1400 1736 possint,
1427 1649 1567 1736 agnosci
1585 1662 1677 1718 certe
1693 1646 1848 1720 Ecclesia
1865 1661 1989 1742 potest.

47 1765 189 1822 naturas
204 1775 277 1819 non
295 1752 460 1822 distortas
476 1749 621 1820 invitari
638 1767 671 1821 et
687 1751 781 1820 llecti
796 1751 840 1819 ad
858 1748 1037 1819 virtutem.
1185 1741 1232 1814 Et
1249 1749 1285 1813 in
1303 1748 1411 1818 tantis
1424 1746 1658 1840 lmperiornrn
1674 1751 1807 1836 resinis,
1835 1775 1874 1820 ac
1890 1746 2080 1820 hominnm

144 1849 335 1922 Edidimus
360 1865 476 1923 antem
502 1847 595 1921 hauc
617 1851 810 1946 sylvulam,
842 1851 961 1920 addita
985 1849 1037 1919 tni
1082 1845 1393 1936 dissipationibus,
1420 1845 1512 1919 hanc
1537 1852 1815 1920 consolationem
1840 1853 1957 1922 bonae
1976 1874 2080 1918 men-

46 1952 201 2022 nominis
223 1955 419 2038 mentione,
456 1953 715 2048 quiescimus,
750 1967 783 2024 te
805 1952 982 2044 sapienter
1004 1963 1038 2020 et
1084 1959 1135 2016 tes
1157 1960 1320 2032 teneant,
1352 1948 1415 2018 ubi
1439 1975 1560 2020 vocem
1586 1977 1689 2021 verae
1710 1955 1889 2023 doctrinae
1914 1953 2080 2022 incorru-

45 2053 195 2143 graviter
210 2057 253 2122 de
267 2055 392 2126 studiis
408 2055 590 2124 doctrinae
612 2053 769 2124 iudicare
790 2077 899 2148 eaque
921 2053 1037 2122 liben-
1082 2061 1180 2144 ptam
1197 2051 1367 2134 audiunt,
1390 2063 1424 2121 et
1438 2051 1635 2142 legitimum
1649 2051 1958 2124 sacramentorum
1972 2075 2080 2124 usum

46 2167 94 2226 ter
111 2155 203 2224 tueri
223 2169 257 2225 et
272 2179 417 2241 ornare,
443 2181 482 2226 ac
498 2155 644 2225 consilia
663 2157 701 2224 in
717 2157 973 2241 gubernatione
989 2155 1034 2222 ad
1083 2163 1251 2235 cernunt,
1281 2165 1314 2221 et
1331 2151 1454 2223 vident
1474 2177 1549 2222 non
1566 2156 1708 2224 defendi
1723 2157 1950 2246 pertinaciter
1966 2151 2081 2236 ldola,

48 2257 344 2327 conservationem
368 2253 535 2328 honestae
552 2257 778 2348 disciplinae,
805 2258 985 2326 literarum
1004 2267 1037 2324 et
1081 2263 1115 2320 et
1130 2274 1266 2320 errores
1284 2267 1482 2342 pugnantes
1498 2279 1579 2324 curn
1596 2281 1681 2326 voce
1701 2255 1783 2326 Filii
1800 2255 1884 2342 Dei,
1911 2257 1962 2325 ibi
1985 2278 2020 2325 se
2038 2253 2079 2322 in

55 2359 244 2442 doctrinae,
261 2381 350 2452 quae
370 2355 527 2430 humano
543 2359 664 2448 generi
681 2358 874 2429 necessaria
891 2371 960 2440 est,
980 2379 1037 2426 re.
1082 2352 1247 2423 societate
1262 2349 1439 2423 Ecclesiae
1463 2379 1537 2427 esse
1558 2358 1751 2428 certissime
1765 2359 1895 2440 sciant,
1922 2380 1986 2427 nec
2007 2357 2078 2424 du-

53 2461 153 2544 lerce,
179 2484 250 2552 qno
267 2461 305 2528 in
321 2485 427 2531 cursu
443 2475 483 2532 ut
499 2475 532 2533 te
548 2463 635 2530 dens
651 2474 833 2540 aeternus,
857 2473 957 2551 pater
971 2459 1037 2527 do-
1082 2451 1215 2538 hirene,
1241 2453 1328 2522 tales
1345 2469 1464 2525 coetus
1482 2455 1548 2526 Dei
1568 2459 1748 2528 domicilia
1773 2481 1863 2544 esse,
1889 2459 1941 2529 ibi
1967 2455 2079 2526 rnini-
2165 2507 2167 2516 ,

48 2561 132 2630 mini
148 2561 262 2631 nostri
281 2559 361 2632 lesu
379 2557 532 2648 Christi,
558 2563 723 2634 eonditor
746 2563 836 2632 coeli
858 2574 891 2630 et
913 2573 1037 2640 terrae,
1080 2554 1186 2624 sterio
1209 2551 1397 2645 Evangelii
1419 2559 1538 2627 adesse
1553 2555 1692 2639 Deum,
1716 2560 1767 2630 ibi
1790 2560 1949 2632 exaudiri
1971 2559 2077 2626 invnss

43 2677 72 2732 et
90 2659 278 2732 hominum
295 2677 328 2733 et
350 2664 515 2736 ecclesiae
539 2685 640 2748 snae,
664 2664 737 2735 nna
760 2689 840 2733 cum
863 2661 937 2731 filio
961 2685 1037 2739 sno,
1081 2669 1220 2740 cantes,
1254 2657 1306 2726 ibi
1327 2671 1420 2728 recte
1446 2661 1514 2729 coli
1540 2657 1675 2746 Deum,
1699 2685 1740 2730 ex
1761 2686 1802 2732 eo
1829 2675 1930 2733 coetu
1955 2659 2077 2748 colligi

43 2765 190 2834 domino
207 2779 353 2851 nostro,
378 2763 456 2834 lesu
470 2759 630 2848 Christo,
656 2767 820 2836 crucifixo
844 2762 1038 2855 pro-nobis
1080 2771 1259 2830 aeternam
1293 2753 1545 2831 haereditatem
1581 2759 1676 2832 Filio
1710 2763 1799 2847 Dei,
1841 2763 1937 2832 iuxta
1967 2761 2077 2830 illud:

41 2881 70 2937 et
87 2865 308 2952 resuscitato,
324 2881 357 2953 et
375 2867 501 2959 spiritu
518 2889 583 2934 sno
600 2881 721 2936 sancto
739 2869 922 2956 gubernet,
936 2877 1038 2955 opta·
1080 2854 1297 2955 Ubicunque
1320 2869 1407 2929 sunt
1431 2855 1504 2931 duo
1527 2869 1594 2931 aut
1618 2871 1690 2932 tres
1712 2861 1927 2958 congregati
1945 2861 1986 2932 in
2010 2885 2079 2932 no·

39 2989 131 3038 mus.
176 2963 274 3038 Bene
290 2967 379 3042 vale.
421 2967 488 3038 Die
505 2967 711 3054 angelornm
729 2981 904 3039 castorum
922 2980 956 3036 et
971 2967 1037 3035 deo
1080 2957 1177 3028 mine
1193 2983 1289 3045 mco,
1316 2957 1465 3032 ibicum
1481 2962 1521 3032 in
1538 2958 1808 3036 taediosorum.

38 3068 298 3146 obedientium,
349 3067 458 3140 Anno
481 3067 591 3144 1549,
1182 3059 1258 3130 Hac
1273 3065 1516 3134 consolatione
1532 3089 1635 3158 saepe
1650 3067 1689 3135 in
1705 3067 1989 3138 dissensionibus
2009 3089 2077 3157 pu-

1081 3161 1185 3231 blicis
1199 3186 1287 3254 opns
1302 3179 1371 3248 est,
1390 3190 1495 3258 qnam
1512 3168 1655 3260 quidem
1669 3191 1711 3238 eo
1731 3171 1859 3255 recito,
1881 3169 1964 3262 qnia
1979 3189 2077 3236 none

43 3291 1025 3344 *ww
1081 3287 1223 3358 quoqne
1238 3265 1451 3336 clamoribus
1466 3271 1690 3362 qtaorundam
1707 3295 1781 3340 non
1796 3271 1922 3340 leviter
1935 3279 2076 3360 pertur-

1084 3367 1215 3436 bantur
1228 3380 1370 3437 nostrae
1384 3365 1580 3455 Ecclesiae,
1607 3395 1697 3463 quae
1714 3367 1807 3442 hanc
1824 3393 1945 3440 veram
1964 3383 1998 3439 et
2014 3368 2078 3438 fir-

33 3442 241 3574 Q·
902 3445 1039 3572 Q
1082 3489 1175 3535 mam
1201 3469 1477 3544 consolationem
1502 3485 1663 3555 teneant,
1687 3475 1731 3541 de
1755 3499 1823 3566 qua
1846 3495 1928 3542 snos
1954 3469 2078 3540 oculos

443 3606 640 3694 200‘0r1'·
1081 3571 1781 3767 &attulittltltl‘tltll
1805 3572 2077 3744 iltuit?

1569 3727 1580 3757 9
2065 3725 2078 3755 5

106 3746 232 3844 Epistola
252 3771 372 3842 primurn
391 3769 537 3840 separatim
558 3768 645 3824 editas
669 3765 818 3906 gfipyistols
838 3765 910 3820 Phil.
926 3763 1037 3820 Melan·
1082 3771 1145 3862 qui
1163 3783 1299 3856 mam,
1323 3797 1500 3848 sonamus·
1554 3774 1647 3847 Usus
1666 3773 1976 3847 sacramenrorum
1999 3799 2080 3844 ma.

144 3840 236 3894 tbonis
276 3843 303 3894 in
325 3857 377 3910 qna
395 3837 576 3908 respondetur
590 3837 665 3891 Flscs
754 3837 840 3890 rico.”
876 3836 1036 3902 Vitebergae
1163 3871 1172 3888 .
1357 3876 1366 3892 ,
1430 3877 1438 3892 ,
1672 3878 1680 3895 ,

142 3909 218 3980 rpnd
242 3879 348 3979 loseph.
371 3907 452 3976 Klug.
471 3925 545 3958 anno
569 3905 644 3958 taes.
670 3907 695 3959 8.
713 3935 748 3948 -
783 3903 1036 3976 Etiam'pcaemissa
1081 3885 1142 3942 nel
1161 3873 1276 3957 “lema
1304 3899 1366 3968 77777
1388 3875 1456 3945 77777
1477 3889 1559 3946 777770
1580 3901 1781 3968 ΡῙὊΧΠΠΙΙΠΙ
1804 3879 1950 3952 bellum.
2001 3874 2078 3946 Ta·-

144 3977 217 4032 libro
228 3975 427 4058 Melantbqnisp
445 3973 808 4057 Doctrinadepoenitentis.
825 3971 1055 4056 witteham*
1079 3985 1208 4043 mmm·
1234 3997 1385 4062 errores,
1411 3989 1445 4048 ep
1470 3975 1588 4064 Idola,
1612 3991 1652 4050 ut
1674 3979 1760 4051 libri
1786 3981 1930 4051 anobis
1949 3977 2077 4069 mimi

144 4047 173 4102 8.
210 4045 308 4100 lterum
324 4045 394 4099 edeta
414 4063 442 4098 sn
457 4045 533 4097 Actu
546 4045 685 4115 synodrcu
707 4043 751 4098 lat.
764 4061 792 4126 p.
805 4043 862 4107 tn,
881 4061 909 4096 m
925 4040 1035 4094 Melan·

145 4113 237 4170 uoaa
249 4113 348 4170 seua.
361 4113 438 4183 apae.
451 4131 478 4182 ρ.
491 4111 552 4166 ess.
567 4121 592 4164 n
606 4111 634 4164 u
654 4111 731 4179 epau.
753 4111 802 4169 as.
818 4111 840 4165 1.
854 4131 882 4182 ρ.
899 4109 959 4163 sss.
978 4107 1035 4177 (aa.
1080 4076 1285 4145 ostendunt.

145 4183 236 4239 nons.
249 4181 297 4239 lib·
313 4180 486 4266 1.ep.tut.).
520 4179 747 4235 neeuntastu.
762 4181 868 4236 count.
889 4179 934 4233 ¹⁸¹·
955 4178 985 4232 Ρ·
1000 4177 1034 4230 77·
1181 4175 1289 4264 Quod
1305 4201 1390 4248 vero
1406 4171 1938 4276 clamitatFluciusIllyricus,
1963 4173 2078 4250 esdo-

93 4301 104 4310 ’
143 4254 248 4391 ξ,,70,7,,·
269 4251 335 4376 fflf'
349 4247 618 4390 ’,ξζζέἡᾶἶξοωῗῖἒζ
637 4247 1036 4388 ζῗιξῖιέξᾈζὶῃῖᾒέζξῒ
1084 4274 1241 4347 ctrinam
1257 4277 1417 4365 mutari,
1443 4289 1475 4350 et
1500 4281 1644 4351 restitui
1658 4281 1878 4353 ceremonias
1892 4273 2077 4380 quasdam

142 4387 312 4444 ώιῑοιιὶδιιι
326 4386 535 4444 mareoticum
549 4386 714 4458 uetesypo,
730 4387 935 4457 quiescenti.
1082 4385 1192 4446 antea
1207 4377 1394 4456 abolitam
1422 4383 1575 4473 primum
1599 4383 1644 4452 de
1658 4385 1818 4455 doctrina
1841 4381 2078 4476 respondebo.

23 4529 245 4626 Philippus
260 4519 492 4598 Melanthea
510 4550 559 4597 cu
569 4551 593 4596 n
603 4521 652 4597 di
659 4521 711 4598 do
727 4518 836 4598 Lcct
846 4521 918 4598 ori
939 4525 975 4600 S.
992 4525 1036 4598 D.
1083 4476 1477 4652 ῗέἑῗῐωωὶεἰῗῗὶἒὲῗζ
1491 4481 1995 4658 ἱᾞὶἳὲἳτηέἶὶοᾝῃίᾛ
2011 4486 2080 4656 dt:

21 4661 91 4752 Ut
119 4677 309 4770 praecipua
328 4699 412 4746 cura
432 4674 595 4746 omnium
621 4669 809 4746 bominum
832 4699 904 4746 esse
923 4677 1039 4762 debet,
1084 4683 1189 4772 longa
1209 4697 1270 4752 arat
1292 4685 1441 4752 obscura
1461 4685 1508 4754 sit
1531 4687 1729 4778 responsio:
1756 4690 1800 4758 dc
1821 4688 1986 4760 universa
2004 4639 2080 4758 ilo-

18 4799 72 4854 nt
99 4795 200 4850 recte
218 4799 406 4867 agnoscere
427 4787 462 4844 et
482 4775 649 4846 invocare
670 4775 786 4848 Deum
807 4778 962 4848 discant:
989 4780 1037 4850 ita
1083 4785 1197 4853 ctrina
1211 4783 1327 4852 sentio
1345 4785 1439 4876 qnod
1455 4785 1577 4878 scripsi
1593 4788 1631 4856 in
1648 4813 1688 4858 eo
1704 4789 1817 4874 libro,
1841 4789 1903 4882 qni
1926 4789 1965 4870 in
1983 4790 2080 4858 mul-

20 4907 120 4956 curn
141 4883 182 4950 in
200 4877 357 4950 Ecclesia
383 4901 420 4946 se
443 4873 540 4946 Dens
568 4879 789 4967 patefecerit,
822 4894 857 4950 et
877 4881 963 4950 velit
988 4881 1037 4948 ihi
1083 4898 1201 4954 torum
1225 4879 1481 4974 manibusue,
1507 4889 1613 4959 titulo
1634 4883 1818 4960 Locorum
1833 4883 2080 4986 Theologico-

17 5008 141 5054 snam
166 5005 287 5052 vocem
310 4979 447 5062 audiri,
480 5001 519 5046 ac
541 4977 627 5048 velit
653 4981 813 5070 singulos
845 4981 922 5050 lieri
945 4985 1038 5050 cives
1085 5007 1185 5067 rum,
1217 4985 1255 5052 in
1278 5011 1350 5080 qno
1381 5011 1457 5058 non
1478 4991 1578 5060 volui
1601 5015 1736 5062 novum
1760 4991 1944 5063 doctrinae
1968 5013 2081 5086 genus

16 5087 113 5156 cius
128 5095 264 5165 coetm,
280 5093 314 5152 et
326 5083 372 5150 ad
382 5079 549 5150 vexillum
558 5075 705 5147 Domini
719 5083 832 5150 nostri
843 5083 923 5152 lesu
930 5077 1039 5152 Chri·
1084 5087 1310 5174 constituere,
1326 5090 1387 5158 sed
1405 5089 1557 5160 fideliter
1567 5093 1692 5182 collegi
1703 5094 1900 5164 doctrinam
1918 5119 2079 5166 commn-

16 5187 79 5256 sti
109 5205 343 5266 concurrere,
374 5195 416 5254 nt
435 5181 531 5274 apud
553 5175 721 5248 Esaiam
747 5183 896 5254 dicitnr:
947 5179 1038 5251 Eris
1084 5209 1164 5256 nem
1174 5183 1570 5276 harnmEcclesiarum,
1590 5217 1683 5286 quae
1699 5195 1881 5286 amplexae
1891 5211 1974 5268 sunt
1991 5221 2080 5268 con-

16 5285 193 5380 signum
214 5279 381 5380 populis:
408 5283 557 5354 omnino
581 5283 776 5352 necessaria
806 5297 857 5354 est
887 5298 921 5354 et
951 5279 1038 5354 baec
1085 5289 1268 5359 sessionem
1285 5286 1479 5361 exhibitam
1491 5289 1701 5386 lmperatori
1716 5292 1825 5366 Anno
1840 5295 1894 5370 M.
1908 5295 1952 5369 D.
1962 5297 2080 5372 XXX.

16 5411 141 5468 cura,
170 5386 439 5476 circumspicere
455 5397 589 5470 mente,
614 5384 702 5455 etin
717 5395 812 5456 tanta
828 5385 1038 5456 contusione
1083 5413 1190 5482 quam
1216 5393 1427 5462 sententiam
1461 5393 1582 5464 indico
1617 5419 1693 5466 esse
1725 5413 1931 5490 perpetuam
1954 5395 2080 5469 Eccle»

17 5489 183 5578 generis
195 5483 346 5558 bomani
359 5487 535 5580 sapienter
546 5507 734 5581 quaerere,
759 5509 849 5584 qsrac
865 5498 900 5558 ct
914 5486 979 5559 ubi
991 5487 1037 5559 sit
1081 5491 1155 5562 siae
1184 5488 1391 5565 Catholicae
1430 5495 1651 5584 doctrinam,
1696 5523 1737 5570 ac
1772 5501 1855 5570 rulo
1889 5502 2012 5571 dextre
2045 5513 2080 5570 et
