4624 6216
256 345 332 421 947
473 353 474 357 ι
834 281 1273 404 σιισιοιλιιυιι
1325 319 1431 396 mn.
1458 317 1542 395 xn.
1595 315 1727 395 csse.
2176 316 2224 392 sn

258 513 486 586 interminas
501 507 710 600 Regnorum
726 501 841 574 servat
860 499 974 572 Filius
988 496 1057 569 Dei
1078 495 1250 564 invocan-
1301 487 1389 576 Dei,
1412 489 1598 559 dominum
1618 502 1779 560 nostrum
1800 484 1916 559 lesum
1933 482 2115 572 Christum,
2130 499 2162 556 ut
2176 486 2227 576 ipe

259 631 312 687 tes
336 616 470 708 ipsum,
494 625 528 682 et
547 613 641 680 inter
664 609 736 678 alas
750 627 831 704 aues
849 601 1042 672 abscondet
1057 619 1135 679 eos,
1160 594 1251 664 sicut
1302 592 1512 662 vulneribus
1527 588 1704 660 Ecclesiae
1720 611 1802 658 suae
1816 592 2014 676 medeatur,
2037 590 2114 658 sicut
2130 610 2226 676 expres

260 715 447 788 Danielem
470 714 563 784 inter
587 697 896 780 leones'servavit.
952 699 1030 770 Hac
1055 721 1116 788 spe
1137 695 1251 764 lenia·
1303 695 1349 764 sit
1368 715 1441 762 sese
1458 694 1497 762 in
1513 706 1596 786 typo
1613 690 1838 764 Samaritani.
1887 691 1944 762 De
1959 705 2034 762 teet
2047 690 2108 760 tuis
2119 689 2229 779 discipu

262 841 341 888 mus
356 817 514 897 dolores,
540 811 745 904 praesertim
761 831 842 877 enm
861 800 1095 874 conscientias
1120 793 1252 867 habea·
1304 795 1349 864 lis
1370 817 1499 890 quaeso
1522 796 1567 866 ad
1588 817 1645 862 me
1667 792 1826 862 scribito.
1877 791 2015 862 Literas
2034 787 2126 861 herus
2146 789 2179 858 ad
2193 813 2229 856 ne

261 943 341 988 mus
356 941 429 987 non
444 915 613 986 sauciatas
628 909 805 982 seditiosis
821 905 989 977 consiliis.
1037 899 1251 971 Decentium
1306 909 1418 988 potest
1440 895 1591 966 mittere.
1641 891 1739 964 Bene
1761 907 1795 964 et
1817 893 1966 964 feliciter
1987 894 2070 965 vale.
2119 888 2230 962 Salutcn
2283 961 2284 966 ,

265 1020 303 1088 in
317 1016 483 1088 Ecclesiis
505 1039 568 1107 per
590 1010 655 1084 has
675 1011 836 1100 regiones
861 1009 946 1076 inde
968 1026 1080 1095 usque
1095 1023 1115 1070 a
1131 999 1251 1092 Lipsia
1305 1012 1388 1092 opto
1406 987 1578 1094 Caspnro
1594 1007 1628 1067 et
1645 989 1885 1070 Sidamanno.
1934 993 2003 1065 Die
2019 994 2075 1069 19.
2087 990 2174 1062 Febr.

262 1122 306 1188 ad
332 1118 562 1205 Noribergam
587 1128 621 1184 et
641 1133 833 1183 consensus
857 1121 893 1180 et
915 1104 1154 1176 amicitia-est.
1205 1097 1254 1169 Et
1366 1146 1370 1155 -
2128 1093 2169 1166 Φ,

262 1233 352 1290 esset
378 1219 417 1288 in
438 1217 608 1290 Saxonis:
636 1214 667 1284 si
690 1213 795 1304 pauci
820 1211 966 1305 quidam
989 1228 1063 1275 non
1088 1213 1254 1274 cancrent

264 1320 406 1391 classica
426 1318 653 1390 seditionum.

365 1420 453 1490 Vidi
477 1420 599 1488 literas
622 1416 710 1507 lmp.
733 1413 887 1505 graviter
913 1407 1076 1499 scriptas,
1101 1426 1253 1498 quarum

264 1522 367 1592 vobis
390 1520 588 1612 exemplum
611 1517 760 1588 mittam.
812 1512 916 1584 Nunc
939 1511 1035 1579 enim
1058 1506 1175 1577 subito
1193 1506 1254 1572 de·
1324 1512 1388 1586 No.
1406 1509 1521 1589 5059.
1948 1521 2007 1584 23.
2024 1513 2105 1578 Febr.
2126 1510 2240 1591 (Norint.)

264 1623 374 1694 scribi
389 1645 462 1692 non
479 1632 652 1714 poterant.
702 1616 810 1706 Quod
824 1610 915 1682 mihi
930 1609 1098 1680 viaticum
1119 1605 1255 1676 offertis
1311 1609 1523 1650 *W
1942 1600 2240 1652 κον-ν

266 1747 333 1817 pro
354 1737 468 1793 vestra
491 1745 629 1792 summa
651 1741 731 1808 erga
762 1741 818 1785 me
847 1710 1114 1793 benevolentia,
1152 1705 1255 1776 vobis
1571 1703 1722 1792 [mh.
1750 1702 2033 1793 Campam·

267 1825 397 1913 gratias
419 1846 503 1912 ago,
537 1823 599 1890 sed
630 1845 705 1890 non
735 1820 861 1888 abutar
892 1811 1103 1884 liberalitate
1129 1819 1255 1878 vestra.
1417 1869 1424 1882 ,
2032 1868 2039 1882 ,

268 1925 341 1996 Nec
362 1950 382 1994 a
399 1923 533 1996 Senatu
558 1919 664 1991 huius
681 1921 782 1990 urbis
794 1917 952 2006 accipere
968 1912 1086 1994 volui,
1112 1908 1176 2002 qui
1198 1930 1255 1976 me
1375 1869 1461 1940 Epor.
1474 1867 1509 1922 'd
1522 1867 1661 1924 caum
1679 1886 1706 1940 Ρ·
1717 1867 1770 1922 ⁶⁶⁰
1782 1885 1823 1938 eq.
1841 1865 1898 1934 (ed.
1912 1865 2003 1924 ιω·
2022 1867 2067 1924 ιώ·
2080 1865 2123 1924 w·
2138 1865 2236 1938 ΨΜ)

268 2041 386 2118 Peme
412 2025 532 2109 Μὴ
557 2048 575 2092 ³
600 2048 669 2115 ‘³¹¹⁰
694 2035 830 2104 ‘amen‘
853 2019 883 2088 εἰ
907 2017 974 2086 ⁰²5²
995 2034 1102 2105 ω’
1128 2022 1255 2101 Petam·
1306 2019 1530 2116 Clarissimo
1556 2039 1633 2109 viro
1657 2033 1859 2109 eruditione
1883 2048 1915 2109 et
1937 2038 2068 2110 virtute
2091 2035 2247 2138 praestanti

270 2127 369 2298 Dulos
400 2149 510 2298 pullos
540 2120 630 2194 mihi
663 2121 808 2193 donavit
832 2118 1003 2203 Senam&
1035 2112 1119 2207 ‘1⁰5²
1148 2132 1255 2180 ‘¹¹³¹'
1348 2140 1378 2214 I
1381 2136 1594 2214 oachimo
1620 2133 1893 2212 Camerario
1910 2139 2229 2240 srntrisuocoriss.

268 2253 316 2299 no
333 2255 353 2298 ο
375 2255 399 2298 ιι
416 2254 440 2302 ι.

370 2328 425 2400 Dc
439 2329 522 2396 filiis
537 2323 679 2409 vestris,
706 2343 854 2416 quaeso,
879 2311 1158 2387 mihineribacis.
1204 2307 1257 2380 Ac
1308 2277 1359 2366 S·
1384 2292 1428 2366 D·
1487 2287 1535 2361 El
1556 2289 1630 2381 59⁸⁹
1650 2313 1752 2384 nepe
1776 2303 1895 2381 repeto
1919 2291 2074 2378 dictum,
2112 2306 2143 2362 et
2159 2305 2188 2360 te
2205 2289 2246 2358 scio

270 2431 404 2501 Filium
419 2427 503 2514 Dei,
524 2425 719 2504 Dominum
739 2437 900 2492 nostrum
926 2417 1041 2488 lesum
1061 2411 1258 2496 Christum,
1309 2418 1410 2486 ”epe
1436 2407 1609 2484 repetere,
1637 2393 1731 2485 (Ῑῦοἆ
1754 2393 1799 2460 de
1822 2391 1898 2462 Deo
1919 2389 2054 2462 Paulus
2071 2393 2191 2463 recitat:
2226 2388 2247 2458 tl

269 2557 352 2616 oro,
378 2544 417 2602 ut
443 2553 506 2600 vos
529 2543 563 2598 et
583 2523 868 2596 honestissimam
894 2519 1078 2608 coniugem
1096 2528 1259 2596 vestram,
1309 2493 1415 2587 αὐτῷ
1439 2490 1581 2584 torpeo,
1615 2489 1679 2563 καὶ
1699 2485 1929 2585 κῑνθῦμδθα,
1962 2489 2029 2566 καὶ
2050 2491 2161 2586 ἐσμέν.
2202 2488 2248 2578 lgr

270 2647 305 2703 et
328 2635 468 2704 filioset
488 2631 596 2699 filiam
613 2641 729 2697 servet
747 2625 953 2694 incolumes.
994 2617 1190 2708 impendet
1205 2615 1259 2682 fa·
1310 2598 1439 2688 &foliati
1470 2590 1554 2664 huit
1588 2617 1671 2664 vero
1696 2590 1773 2664 Deo
1795 2593 1888 2685 polsi
1910 2591 2063 2664 Domini
2080 2593 2181 2666 nostri
2202 2590 2248 2661 lesu

269 2735 351 2804 talis
365 2733 513 2804 mutatio
530 2730 650 2819 generi
667 2725 836 2810 humano,
853 2747 958 2817 quam
973 2733 1014 2790 ut
1030 2717 1260 2800 leniatDcus,
1310 2695 1463 2783 Christi,
1477 2696 1571 2765 viiie
1585 2697 1719 2780 dolori,
1733 2696 1796 2788 qui
1811 2708 1845 2766 te
1860 2708 1895 2765 et
1908 2692 2104 2766 Ecclesiam
2118 2710 2199 2766 tuam
2210 2695 2248 2762 do

269 2859 421 2908 oremus.
471 2832 569 2902 Bene
591 2845 626 2901 et
645 2830 796 2899 feliciter
818 2827 939 2896 valete.
990 2818 1059 2892 Die
1088 2815 1148 2892 19.
1173 2815 1259 2890 Feb.
1310 2799 1490 2869 meslifflm
1507 2811 1643 2881 servat,
1675 2798 1807 2890 quique
1824 2797 2004 2867 nunotibi
2025 2799 2117 2868 vires
2140 2794 2250 2886 corporis

268 2935 395 3010 North,
1311 2901 1485 2979 restituit,
1511 2911 1546 2968 et
1561 2911 1602 2968 ut
1614 2921 1677 2968 vos
1692 2911 1824 2982 servet,
1849 2921 1931 2967 curn
1947 2923 2025 2970 oro.
2064 2887 2251 2988 'Scripsitge

1010 3018 1210 3115 Philippus,
1301 3026 1378 3100 ,ner
1399 3023 1499 3070 meus
1520 2999 1704 3091 epistolam
1728 3001 1773 3068 de
1795 2999 1921 3068 morbo
1942 3012 2027 3085 tuo,
2054 3025 2141 3094 quae
2153 2993 2253 3068 mihist

1313 3103 1556 3176 solicitudines
1576 3113 1612 3171 ot
1634 3101 1775 3172 dolores
1796 3115 1961 3186 auxerat,
1994 3103 2058 3172 scd
2091 3117 2148 3173 tua
2170 3097 2253 3169 melin

1313 3229 1369 3276 me
1384 3227 1524 3296 sperare
1536 3202 1650 3308 jubet.

1256 3369 1264 3380 .
1415 3304 1470 3376 De
1484 3317 1607 3375 nostro
1624 3302 1751 3374 itinere
1770 3297 1887 3372 adhuc
1901 3316 2047 3394 expecto
2063 3304 2185 3374 aulicas
2196 3301 2254 3372 litte

269 3419 335 3490 No.
349 3416 464 3492 5058.
1107 3417 1164 3478 19.
1175 3410 1262 3470 Febr.
1314 3431 1391 3493 ras,
1417 3429 1457 3478 ac
1473 3407 1602 3488 miror,
1627 3427 1690 3474 cur
1703 3395 1970 3488 necCramius,
1995 3429 2064 3474 nec
2077 3407 2137 3474 alii
2152 3425 2254 3494 respon-

274 3522 485 3558 m
1090 3497 1259 3530 Μ
1314 3509 1551 3581 deantnobis.
1603 3502 1710 3592 Quod
1733 3505 1812 3574 istic
1831 3519 1997 3575 narratur
2011 3501 2082 3578 τὸν
2095 3496 2255 3605 ἡγεμόνα)

622 3607 718 3696 Ad.
750 3604 907 3694 Curet).
1314 3613 1359 3682 ad
1375 3605 1484 3701 Alpes
1506 3606 1705 3690 accessisse,
1738 3600 1807 3676 hoc
1828 3602 1906 3675 heri
1926 3608 2137 3678 nunciatum
2160 3621 2216 3683 est,
2233 3626 2256 3668 eo

1315 3713 1511 3806 proiectum
1533 3729 1625 3792 esse,
1654 3732 1725 3800 qno
1753 3721 1793 3778 tu
1824 3707 1950 3776 scribis
1973 3703 2045 3780 τὸν
2065 3699 2257 3806 ἐρικσγώνια

607 3905 613 3918 .
1314 3815 1461 3896 abiisse,
1487 3805 1550 3882 καὶ
1566 3807 1815 3902 συλλεχθῆναι
1829 3807 1903 3880 ἐκεῖ
1913 3812 1992 3880 τῶν
2013 3803 2213 3903 συμμάχων
2228 3829 2257 3874 τι·

271 3924 469 4024 Magistro
489 3921 525 3996 Α
531 3919 560 3994 d
566 3946 668 3994 amo
688 3913 856 4002 Cureo,
875 3908 1196 4000 Reichstadiensi,
1222 3913 1262 3982 io
1313 3911 1404 4000 νὰς,
1428 3907 1492 3985 καὶ
1507 3908 1630 3982 θέλειν
1642 3913 1792 4005 πρῶτον
1807 3904 2127 4002 παραστήσασθαι
2143 3907 2204 4004 τὴν
2218 3895 2257 3977 ri

579 4019 714 4125 oppido
739 4011 967 4094 Northnserr.
1314 4024 1374 4091 λιν
1394 4014 1554 4108 ἔχουσαν
1576 4009 1697 4104 ὄνομα
1720 4006 1793 4083 ἀπὸ
1815 4015 1894 4082 τῶν
1917 4005 2105 4108 φράγκων
2117 4005 2256 4104 etpost.

1313 4118 1436 4193 iissem
1451 4109 1492 4189 di
1506 4108 1576 4208 τὴν
1592 4109 1733 4207 ὅμορον
1741 4106 1871 4205 χιίρασ
1887 4111 1928 4184 ἐν
1942 4111 2080 4204 ὄχθαις
2093 4120 2160 4186 τοῦ
2173 4105 2256 4208 pirus

1313 4237 1354 4294 ut
1369 4213 1558 4313 prohibere
1576 4215 1727 4286 transitu
1746 4227 1781 4284 et
1803 4217 2063 4285 transvectione
2080 4241 2166 4309 quos
2179 4214 2257 4282 volut

1313 4322 1460 4416 possint.
1517 4316 1690 4388 Fortassis
1710 4315 1869 4407 exemplo
1894 4316 2024 4406 prioris
2043 4319 2132 4387 belli
2156 4333 2257 4384 monn

1312 4441 1385 4498 tur.
1433 4417 1666 4512 Expectamus
1688 4412 1795 4486 hodie
1815 4417 1940 4485 iisdem
1964 4419 2135 4488 derebus
2158 4418 2256 4486 litters

1312 4529 1351 4596 in
1366 4525 1497 4619 quibus
1512 4521 1542 4589 si
1558 4517 1826 4588 confirmabitur
1841 4517 1963 4608 opinio
1980 4521 2024 4587 de
2039 4519 2148 4606 bello,
2163 4509 2257 4587 decretl

1310 4627 1388 4700 Deo
1402 4627 1545 4695 iuvante
1560 4623 1605 4689 ad
1623 4641 1685 4688 vos
1699 4634 1792 4689 recta
1810 4621 1935 4688 redire.
1972 4617 2064 4688 Nam
2081 4635 2116 4691 et
2131 4635 2163 4690 tc
2180 4619 2257 4686 vider

1311 4731 1433 4820 cupio,
1450 4737 1520 4794 cta
1538 4719 1672 4790 familia
1689 4743 1787 4804 mea,
1809 4720 1909 4788 acab
1927 4721 2048 4790 amicis
2065 4723 2130 4790 tali
2146 4733 2259 4810 tempos

1309 4831 1429 4902 abesse
1445 4848 1519 4894 non
1535 4844 1694 4914 possum,
1719 4821 1856 4890 etiamsi
1872 4821 1984 4891 multa
2001 4821 2052 4892 ibi
2068 4823 2183 4907 video,
2203 4834 2259 4913 qno

1309 4958 1365 5002 me
1386 4900 1611 5000 n0n⁸leviter
1627 4923 1848 5007 excruciant,
1874 4935 1908 4992 et
1923 4937 2104 4994 secuturas
2126 4946 2195 4992 csse
2214 4937 2259 4986 na

266 5055 493 5076 ···““““““·“·
1066 5065 1072 5079 ·
1308 5035 1401 5104 iores
1420 5027 1644 5112 contusiones
1669 5023 1708 5090 in
1731 5021 1893 5113 Imperiis
1924 5038 1958 5094 et
1978 5019 2149 5096 Ecclesiis
2169 5033 2259 5092 metuo

304 5150 332 5216 ‘l
351 5144 522 5200 numerarius
534 5143 570 5223 ‚⁵³
586 5139 648 5221 tm.
667 5136 799 5219 M⁰¹²t¹¹¹¹·
814 5135 839 5188 ⁵·
854 5133 913 5188 ⁹⁸⁶
938 5129 1104 5212 „tenerent
1115 5128 1198 5212 igiter
1215 5127 1255 5180 ⁵¹¹¹
1307 5133 1378 5206 Sed
1393 5147 1426 5204 te
1442 5154 1505 5200 oro
1521 5127 1573 5197 lili
1588 5123 1658 5198 Dei
1674 5121 1754 5194 lesu
1769 5119 1909 5196 Christe
1926 5126 2091 5196 crucifixe
2114 5116 2258 5217 prunoli

338 5213 418 5282 (Mel.
430 5223 457 5266 et
468 5221 583 5266 comites
597 5211 666 5276 etue)
679 5207 904 5274 Novembergsm,
925 5205 972 5256 ube
985 5215 1035 5268 pro
1048 5201 1176 5266 arngulart
1189 5213 1254 5277 erga

335 3771 359 3841 †
377 3769 415 3822 lix
427 3786 520 3841 apogr.
531 3767 561 3821 in
576 3765 639 3822 cod.
656 3763 744 3822 Paria.
763 3761 799 3818 D.
812 3761 846 3814 1..
859 3759 920 3815 54⁸.

272 4167 322 4256 S·
347 4181 392 4258 D.
442 4178 631 4252 Carissime
656 4169 803 4247 Adame.
854 4168 923 4241 Dei
946 4167 1117 4239 beneficio
1143 4167 1180 4235 in
1206 4161 1262 4236 his

273 4284 478 4373 regionibus
499 4304 563 4373 per
586 4301 673 4373 quas
692 4278 761 4348 iter
783 4274 850 4342 leci
872 4273 957 4340 inde
978 4292 1089 4362 usque
1105 4293 1125 4337 a
1140 4265 1260 4358 Lipsia

273 4388 317 4456 ad
332 4384 600 4470 Norimbergam
623 4403 697 4449 non
719 4377 834 4446 solum
857 4371 1047 4444 consensus
1063 4382 1114 4440 est
1130 4372 1260 4439 docen-

272 4487 363 4558 tium
385 4487 423 4554 in
446 4481 631 4566 Ecclesiis,
664 4477 851 4550 sedetiam
878 4461 1103 4564 amicitia*).
1164 4466 1260 4538 Haec

270 4587 511 4680 tranquillitas
531 4578 595 4654 καὶ
616 4574 781 4676 εὐφημία
799 4573 1036 4646 Ecclesiarum
1060 4567 1148 4640 mihi
1174 4571 1260 4640 lenit

272 4693 433 4780 dolores,
459 4709 547 4779 quos
569 4682 777 4752 circumfero
803 4679 975 4767 ingentes.
1026 4671 1074 4744 Et
1098 4687 1186 4744 esset
1210 4671 1258 4740 si-

269 4791 366 4860 milis
380 4787 619 4882 tranquillitas
635 4787 679 4854 ad
697 4779 838 4866 Albim,
862 4778 891 4847 si
910 4777 1010 4868 pauci
1027 4775 1170 4868 quidam
1185 4797 1257 4841 non

271 4905 437 4962 canerent
452 4889 667 4960 seditionum
684 4883 837 4955 classica.
890 4875 962 4950 Sed
980 4899 1122 4946 oremus
1145 4875 1257 4942 lilium

337 5279 493 5352 Philippum
508 5279 573 5334 Mel.
588 5295 682 5333 amore
698 5285 724 5328 et
742 5272 833 5328 studio
871 5267 974 5325 ucioria
992 5265 1132 5321 doctrinae
1149 5276 1253 5345 accepte

336 5349 472 5419 habileque
486 5348 596 5401 luerunt
608 5344 800 5400 humanissime
812 5347 840 5394 et
851 5291 1053 5408 henigniesime.
1087 5335 1201 5390 Publice
1215 5351 1252 5386 ets
1468 5373 1475 5388 .
1489 5372 1496 5388 .

335 5420 414 5488 aedes
428 5417 592 5487 assignatae,
609 5423 770 5485 procuratae
784 5429 825 5462 rea
836 5406 1012 5478 necessariae,
1030 5415 1056 5458 et
1070 5403 1161 5458 sunnia
1174 5421 1251 5457 sum·
1338 5379 1368 5446 ¹)
1385 5375 1554 5430 munuum·

335 5507 395 5543 mae
407 5484 610 5540 benevolentiae
622 5479 747 5556 praestita
761 5475 897 5543 officia.'’,
1336 5463 1366 5535 Σ)
1384 5457 1565 5516 Francorum.
