4586 6224
67 357 134 432 510
493 359 497 366 ’
627 349 1062 435 EPISTOLARUM

66 531 193 606 mendo.
260 529 369 604 Hune
407 525 571 612 Paolum
606 525 820 603 Amandum
855 516 1045 626 Cygneecm
1097 517 1165 591 Νο.
1184 509 1296 592 4076.
1415 523 1455 536 ”

1101 618 1300 646 m

66 657 181 728 quaeso
210 648 250 705 nt
274 647 432 704 amanter
453 635 696 726 complectaris
720 649 756 708 et
781 634 824 705 D.
853 628 1047 705 Victorino

65 737 287 810 commendes.
353 733 534 806 Psalmom
561 752 661 806 tuum
688 737 937 806 suavissimum
964 733 1045 802 mit·

64 851 210 928 temper
234 838 412 922 pmximos
434 838 591 912 nuntios.
651 835 750 909 Bene
773 839 869 919 vele,
906 837 965 906 die
991 833 1047 906 ts.

63 937 190 1012 Februa
213 940 235 959 '⁸
253 931 301 1011 ⁴⁵.

191 964 238 1012 ¹¹¹
274 939 290 1036 )
561 1051 750 1151 Philippus
770 1049 996 1128 Melanthea.

59 1450 253 1581 NAEQ·
895 1465 951 1528 17.
964 1457 1050 1518 Febr.

879 1547 1048 1574 m

388 1655 443 1742 F.
465 1653 704 1771 Staphyla.

125 1851 148 1924 1-
166 1849 204 1904 Ex
222 1849 364 1906 collectan.
385 1847 513 1903 Belleust.
538 1845 604 1901 Vol.
620 1846 638 1903 Ι.
675 1887 682 1904 .
701 1845 768 1914 tes,
787 1843 832 1902 eoi
847 1843 917 1902 benc
929 1846 1008 1919 epist.
1021 1865 1052 1901 es

158 1919 325 1992 autographo
342 1918 410 1972 Mel.
423 1916 565 1989 descripsit
578 1911 648 1970 Sene
679 1917 789 1971 aratos.

55 2087 269 2168 Reverendo
293 2091 388 2178 eiro,
413 2085 616 2161 eruditione
638 2099 670 2158 et
688 2088 816 2159 virtute
830 2099 1040 2187 praestante

56 2197 171 2273 Dom.
196 2192 449 2267 Friderico
475 2185 729 2288 Staphyla,
754 2191 883 2290 sratri
902 2217 971 2263 suo
993 2217 1054 2264 co-

339 2293 488 2367 rissimo
507 2293 549 2368 V
547 2290 777 2370 catislave'at.

60 2457 106 2543 S.
132 2467 178 2540 D.
230 2465 344 2536 Valde
360 2479 394 2536 te
410 2489 474 2534 oro
490 2466 535 2536 de
551 2463 692 2556 negotio
708 2455 978 2548 Posnaniensi,
1003 2477 1054 2550 ut,

58 2577 86 2644 si
110 2567 227 2676 adbuc
241 2569 442 2638 deliberent
457 2569 501 2638 de
517 2567 756 2657 gubernatore
771 2561 931 2646 scholae,
957 2591 1053 2638 com-

57 2677 203 2746 mendes
225 2671 275 2741 eis
294 2685 328 2740 et
342 2685 404 2741 tuo
420 2683 453 2739 et
467 2693 545 2738 meo
562 2668 708 2738 nomine
723 2661 871 2738 Petram
892 2665 934 2739 V
931 2667 1055 2738 incen-

56 2777 150 2848 tium
178 2773 505 2854 Vratislavieosem,
539 2771 600 2864 qui
624 2771 688 2840 diu
711 2771 831 2840 docuit
853 2771 891 2838 in
918 2769 1053 2840 Acade-

55 2881 127 2950 mia
153 2869 500 2972 Gryphswaldieusi.
569 2869 752 2941 Facundia
778 2871 994 2941 indicendo
1021 2887 1055 2944 et

55 2979 246 3054 scribendo
267 2977 339 3048 scio
362 2977 400 3046 io
423 2968 489 3044 hae
505 2970 695 3042 Academia
718 2973 898 3042 neminem
920 2973 952 3042 ei
967 2998 1054 3044 con-

54 3083 143 3156 ferri
168 3103 287 3176 posse3
320 3099 430 3170 genus
457 3088 507 3146 est
533 3075 779 3168 splendidum,
812 3099 1053 3160 numerosum,

55 3201 90 3259 ct
115 3185 271 3256 relereus
287 3177 470 3252 Ciceronis
490 3179 654 3251 lormam.
704 3179 747 3245 ln
761 3199 865 3248 versu
879 3201 991 3269 paene
1006 3178 1053 3248 si-

54 3289 154 3358 milis
172 3281 328 3358 Sabino.
378 3279 516 3352 Poterit
530 3280 620 3350 tueri
635 3292 668 3350 et
682 3301 810 3350 ornare
825 3303 906 3350 euro
923 3281 1052 3351 locum.

56 3387 155 3460 llinc
177 3403 211 3459 te
233 3386 335 3456 valde
351 3409 435 3469 oro,
460 3397 500 3454 ot
515 3384 558 3451 de
576 3406 617 3451 eo
633 3382 675 3450 acl
692 3379 950 3452 posnanienses
965 3407 1052 3454 scre·

54 3497 120 3565 bas
133 3505 170 3564 et
183 3487 287 3560 uobis
303 3511 425 3558 eorum
442 3485 661 3556 voluntatem
677 3483 861 3574 significes.

163 3693 218 3764 De
235 3689 415 3783 republica
432 3688 539 3772 scito,
565 3687 602 3755 in
617 3683 757 3776 Belgica
773 3710 847 3756 non
864 3710 937 3756 esse
955 3711 1054 3758 exer-

53 3799 172 3880 citos,
196 3819 235 3865 ac
250 3817 295 3862 ne
309 3809 496 3884 apparatus
511 3791 667 3883 quidem.
720 3785 761 3856 lo
780 3783 835 3856 bis
850 3789 1055 3878 regionibus

55 3925 144 3970 vero
171 3895 443 3966 deliberationes
464 3907 544 3961 snut
563 3894 606 3959 cle
622 3890 837 3961 collocandis
853 3890 1000 3982 copiolis
1016 3891 1052 3960 in

54 4000 192 4070 vicinia
211 3989 480 4088 Parthenopes,
506 4007 546 4064 nt
567 4005 782 4062 commeatus
804 3992 1053 4084 impediantur.

52 4093 314 4194 Parthenopaei
338 4123 421 4167 vero
449 4097 654 4166 conducunt
680 4093 833 4186 equites,
867 4107 902 4164 et
929 4095 1053 4164 vexilla

51 4205 196 4275 iaciunt
219 4199 384 4290 insignita
408 4221 521 4268 cruce.
574 4193 651 4286 Ego
674 4197 832 4264 modeste
856 4195 969 4264 dicam
992 4221 1053 4264 ne-

53 4307 208 4376 cessaria
225 4305 337 4373 donec
351 4302 480 4382 vivcim,
507 4296 580 4368 Deo
598 4299 752 4370 iuvante.
785 4295 855 4368 Sed
872 4297 1056 4368 seditiosos

56 4409 168 4478 etiarn
196 4405 366 4478 Salomon
392 4401 497 4473 vitari
521 4401 636 4480 iubet,
675 4399 815 4469 tametsi
838 4397 951 4470 Solon
975 4423 1057 4470 sons

55 4512 158 4580 cives
181 4507 322 4578 volebat
342 4505 442 4575 alteri
464 4503 554 4596 parti
579 4501 738 4572 addictos
755 4523 841 4576 esse.
893 4501 961 4574 Sed
982 4503 1057 4572 eius

56 4613 110 4682 rei
128 4611 260 4680 modus
277 4608 421 4702 quidam
436 4618 497 4680 est.
550 4603 684 4674 Verum
700 4597 785 4672 baec
802 4601 899 4674 alias.
949 4602 1057 4676 Mitto

56 4715 125 4784 tibi
147 4711 311 4806 pagellas.
361 4707 458 4778 Bene
473 4705 560 4778 vale.
612 4703 680 4776 Die
701 4705 759 4780 17.
772 4701 877 4780 Febr.

576 4833 765 4932 Philippus
784 4831 1010 4914 Melanthum

49 4995 283 5014 --n--ss-a-

91 5153 124 5222 ἦ
147 5151 236 5206 Dens.
254 5147 347 5204 retulit
367 5165 410 5272 ep.
431 5144 463 5199 ed
484 5159 548 5200 eno.
572 5139 648 5194 1545.
684 5136 714 5193 ln
733 5137 796 5193 cod.
810 5135 892 5194 Gotb.
908 5133 1062 5208 adscriptos

132 5231 176 5276 eet
194 5238 259 5276 ene.
274 5215 348 5276 1549.
407 5223 454 5270 nto
475 5219 565 5268 entem
585 5227 646 5266 cem
666 5225 724 5263 non
741 5205 792 5262 nisi
806 5224 832 5262 e.
847 5207 921 5262 1550.
934 5205 1061 5274 scriptam

132 5307 200 5344 ΟΜ·

2023 335 2100 414 550

1920 527 1974 592 1⁴7.
1992 518 2079 589 Febr.

1917 607 2088 639 w

1115 345 1222 422 ΗΒ.
1254 345 1338 422 Xll.
1393 337 1526 418 1550.

1359 702 1416 792 11.
1443 701 1830 810 Banmgartaero.
1956 773 1962 786 .

1170 867 1255 938 Epist.
1272 864 1319 922 lib.
1335 863 1381 918 Vl.
1406 881 1434 934 p.
1455 861 1505 917 tot
1521 879 1562 946 sep.
1589 889 1625 902 -
1644 859 1713 946 ‘llic
1736 879 1766 914 er
1791 857 1960 931 eutegrepbo
1983 857 2012 914 in
2036 857 2098 915 eod.

1203 931 1550 1074 pgppepklidpitatctdpppe
1565 931 1699 1002 edeenpte
1712 929 1856 1002 leguntur:
1891 929 1942 998 „d.
1958 931 1998 984 u.
2011 927 2098 984 ntea.

1100 1161 1156 1239 D.
1190 1161 1476 1254 Hieronymo
1516 1152 1879 1250 Bomgartnero,
1925 1149 2101 1224 Senatori

1290 1261 1451 1358 inclytae
1474 1257 1575 1329 cerdis
1597 1254 1830 1352 Noribergae
1852 1265 1912 1327 etc.

1104 1401 1151 1486 S.
1179 1411 1223 1490 D.
1274 1411 1450 1482 Pindarus
1467 1421 1587 1478 narrat
1601 1399 1914 1500 Bellerophontem
1933 1399 2098 1492 ePegaso

1103 1539 1286 1588 excussum
1309 1539 1403 1598 esse,
1430 1537 1511 1582 cum
1527 1511 1621 1580 intre
1639 1509 1778 1580 coelum
1795 1519 1978 1600 penetrare
1994 1528 2101 1574 euua-

1105 1633 1202 1690 retur
1223 1620 1268 1688 ad
1295 1612 1389 1684 lovis
1413 1613 1644 1706 colloquium.
1694 1609 1770 1681 Nec
1792 1631 1950 1702 unquam
1971 1605 2101 1676 immo-

1104 1719 1222 1794 derari
1243 1730 1391 1788 conatus
1413 1714 1555 1784 loclices
1572 1725 1673 1800 sont,
1698 1726 1739 1784 ut
1753 1705 1883 1780 horum
1900 1723 2102 1802 temporum

1105 1821 1264 1912 exempla
1281 1818 1394 1887 molta
1410 1829 1445 1886 et
1457 1817 1691 1887 ostenderunt
1704 1825 1739 1884 et
1755 1811 1956 1884 ostendent.
1994 1807 2100 1878 Nunc

1105 1939 1139 1994 et
1162 1920 1273 1992 vicini
1291 1909 1541 2011 Parthenopei
1565 1915 1693 1985 vexillo
1713 1913 1835 1984 fecisse
1858 1912 2027 1980 dicuntur
2044 1909 2102 1979 in-

1105 2025 1233 2118 signita
1257 2024 1420 2116 σταυρῷ.
1472 2015 1522 2090 Et
1540 2013 1676 2088 babent
1698 2007 1905 2113 σάλπιγγας
1922 2003 2101 2096 στάσεων,

1044 2149 1053 2178 ’
1105 2127 1293 2218 scriptores
1315 2123 1400 2192 satis
1422 2121 1592 2192 rabiosos.
1641 2113 1718 2208 Ego
1735 2139 1831 2186 nunc
1845 2113 1947 2184 novis
1965 2113 2102 2182 calum-

1106 2232 1174 2302 niis
1199 2226 1414 2316 respondere
1435 2243 1552 2312 cogor.
1605 2217 1754 2312 Scripsit
1776 2217 1880 2288 etiam
1904 2209 1973 2286 berc
1989 2237 2104 2284 novos

1107 2331 1232 2420 hospes
1248 2325 1376 2396 Beltici
1392 2324 1533 2408 littoris,
1559 2347 1594 2392 se
1612 2323 1782 2414 scriptum
1797 2317 1991 2388 instituisse
2007 2315 2105 2410 qood

1108 2429 1196 2504 nihi
1217 2429 1389 2498 missurus
1411 2425 1468 2500 sit.
1526 2421 1670 2507 Dicam,
1696 2423 1773 2494 Deo
1797 2421 1957 2504 iuvante,
1992 2419 2105 2488 donec

1108 2538 1241 2618 vivam,
1278 2527 1474 2598 necessaria
1492 2541 1525 2598 et
1543 2528 1664 2594 eadem
1677 2519 1730 2620 J),
1759 2547 1850 2617 quae
1870 2519 2021 2590 fideliter
2035 2541 2104 2588 en-

1107 2655 1159 2710 tea
1192 2646 1227 2706 et
1260 2631 1426 2720 colligere
1459 2629 1581 2698 studui
1613 2639 1649 2696 et
1673 2625 1848 2695 instillare
1874 2619 2105 2694 discentibus.

1109 2739 1281 2812 Existimo
1303 2747 1422 2803 autem
1445 2731 1578 2813 bonos,
1605 2741 1639 2798 et
1661 2727 1853 2820 prudentes
1875 2747 1950 2794 uon
1968 2721 2105 2815 impro-

1106 2847 1191 2914 bare
1223 2859 1336 2904 meam
1371 2833 1427 2902 vel
1460 2831 1686 2902 timiditatem
1720 2828 1777 2898 vel
1807 2825 2104 2912 moderationem,

1133 2970 1177 3014 oo

1107 2973 1158 3117 llot
1172 3039 1355 3114 classicum
1372 3058 1533 3106 canerem
1551 3033 1774 3104 multitudini
1792 3053 1882 3124 quae
1899 3029 2034 3121 ubique
2050 3050 2108 3095 se·-

1107 3147 1283 3219 ctitionum
1299 3139 1402 3208 avida
1418 3147 1481 3210 est.
1516 3133 1620 3208 Certe
1633 3132 1750 3206 Deum
1767 3155 1844 3217 oro,
1867 3144 1907 3200 nt
1923 3153 1979 3198 me
1996 3140 2105 3216 regat.

1106 3250 1204 3321 Bene
1228 3259 1262 3314 et
1283 3239 1456 3309 foeliciter
1481 3239 1577 3324 vale,
1617 3253 1651 3310 et
1676 3237 1773 3330 qnod
1799 3232 1885 3302 lacis
1907 3227 2104 3300 Ecclesiam

1180 2945 1202 3012 d
1226 2961 1301 3006 eron
1328 2933 1452 3006 abdidi
1468 2957 1525 3003 me
1542 2934 1580 3002 in
1596 2932 1731 3002 vicinas
1745 2951 1862 3013 arces,
1887 2940 1928 2996 ut
1944 2927 2029 2996 inde
2045 2949 2107 2994 ve-
2207 3019 2211 3026 ι

1023 3381 1032 3400 ·
1106 3352 1308 3424 nniversam
1331 3341 1409 3414 Deo
1438 3339 1507 3433 piis
1536 3341 1628 3412 votis
1657 3337 1894 3409 commendes.
1953 3327 2022 3400 Die
2047 3327 2106 3398 17.

1108 3455 1210 3526 Febr.
1222 3445 1265 3546 ²).

1568 3535 1757 3631 Philippus
1773 3527 2002 3608 llleluntlron.

1120 3733 2103 3778 ...-...............-------—--—--

1942 3889 2000 3952 20.
2016 3879 2107 3948 Febr.

1925 3969 2097 4004 Μ

1116 3901 1182 3974 Νο.
1198 3897 1312 3973 4676.

1111 3999 1323 4032 m

1392 4073 1461 4160 M.
1490 4069 1827 4180 Meieabnrgio.

1207 4240 1291 4315 episc.
1310 4237 1358 4296 tiu.
1372 4235 1405 4294 ν.
1424 4253 1451 4306 p.
1464 4234 1517 4288 soe
1532 4251 1591 4306 eqo

1298 4387 1548 4469 Michaeti
1570 4381 1917 4479 Meieaburgio.

1111 4529 1159 4624 S.
1183 4545 1230 4622 D.
1286 4538 1544 4614 Honestissime
1575 4535 1652 4622 vir,
1692 4545 1728 4604 et
1752 4529 1864 4602 amice
1890 4520 2107 4600 charissime.

1110 4646 1137 4733 †
1163 4647 1232 4720 Dei
1265 4642 1435 4716 beneficio
1462 4639 1528 4708 tilii
1555 4650 1647 4708 recte
1672 4633 1794 4705 valent
1818 4645 1853 4704 et
1878 4617 2108 4716 discunt”*).

1111 4738 1421 4842 Cleristaplrorum
1438 4739 1604 4832 prolicere
1621 4737 1662 4806 io
1674 4735 1838 4808 doctrina
1851 4728 2109 4808 animadverto,

1114 4865 1148 4923 et
1167 4849 1357 4938 diligenter
1376 4867 1459 4914 eum
1482 4841 1572 4932 regit
1588 4837 1824 4911 Licencietus.
1872 4829 1917 4902 ln
1938 4819 2109 4924 Casparo

1114 4963 1165 5022 est
1184 4949 1322 5020 indoles
1338 4946 1382 5016 ad
1399 4945 1565 5016 virtutem
1583 4939 1737 5032 egregie,
1764 4947 1896 5020 mnus,
1921 4932 2057 5022 integer
2073 4939 2109 4998 et

1116 5078 1219 5124 verax
1238 5064 1309 5138 est,
1337 5072 1377 5120 ec
1394 5049 1592 5138 gubernare
1607 5066 1645 5112 se
1658 5039 1755 5110 sinit.
1804 5033 1919 5107 Discit
1936 5035 2007 5106 iem
2023 5023 2108 5103 ltre-

1153 5343 1180 5410 1)
1198 5336 1298 5410 spana
1309 5351 1453 5409 perperene
1467 5329 1566 5388 edidits
1585 5329 1685 5382 eorem
1697 5327 1792 5386 mede.

1105 5468 1107 5476 .
1153 5427 1181 5496 5)
1202 5425 1261 5482 Alie
1277 5441 1373 5478 merus
1385 5417 1543 5492 adremon
1563 5433 1627 5474 eon.
1643 5413 1721 5472 1550.

1154 5509 1187 5584 *)
1206 5507 1291 5568 aden
1308 5509 1344 5563 Α.
1359 5507 1397 5562 D.

1328 5583 1378 5656 55
1389 5573 1410 5614 ⁸
