4730 6202
95 309 190 386 1009

95 483 138 553 de
153 499 307 562 secessu,
328 499 370 547 ac
384 473 507 546 multis
524 475 729 558 suademus,
749 485 789 544 ot
805 473 876 542 iam
893 469 1090 542 discedant.

97 581 214 672 Quare
238 579 369 650 iterum
393 579 541 658 suadeo,
572 590 613 648 ut
633 575 723 644 filios
745 570 813 645 hoc
836 587 992 664 tempore
1015 595 1089 641 non

680 295 1110 378 EPISTULARUM
1163 283 1373 366 utlaxlt.
1426 279 1557 360 1661.

2046 275 2147 352 1010

1415 447 1604 526 Davidi
1626 441 1866 546 Chytroso

1142 593 1191 686 S.
1216 605 1262 681 D.
1294 604 1514 676 Mediocrem
1529 595 1619 670 mihi
1633 599 1798 669 dolorum
1814 589 2029 664 levationem
2046 601 2143 661 attu-

96 681 241 804 mlilalss
265 681 305 800 ln.
326 673 563 797 ’impunc
585 677 813 749 ln⁵³l¹¹b'⁰m'
872 669 950 744 om
973 687 1090 791 {mmm
1141 712 1185 780 lit
1210 708 1428 778 consuetudo
1455 701 1658 774 dulcissima
1683 699 1753 768 viri
1776 693 1973 766 doctissimi
1994 705 2030 763 01
2048 691 2143 762 11110-

95 783 225 856 Falsum
238 781 325 865 Dea,
354 777 551 852 Dominum
576 791 736 848 nostrum
761 775 877 846 lesum
898 769 1091 858 Christum,
1142 810 1286 901 mimi
1307 805 1351 882 D·
1373 800 1563 876 Iohannis
1578 799 1621 897 1),
1654 825 1724 896 qua
1752 811 1786 868 e,
1810 795 1850 864 in
1872 789 1980 864 huius
2002 789 2143 863 Acade·

96 900 135 959 ut
150 907 212 956 vos
228 897 262 954 et
279 894 413 952 vestros
425 904 549 950 ornnes
564 891 679 986 servet
694 879 916 984 incolumes.¹

192 999 248 1071 De
269 999 364 1068 bello
379 1020 453 1067 non
468 997 556 1069 libet
572 997 734 1067 scribere.
784 991 864 1062 Hoc
880 1003 1014 1060 certum
1030 1001 1091 1073 est,

96 1100 222 1176 Comes
255 1093 300 1176 V
296 1092 411 1170 alred
431 1097 570 1190 'irrupit
605 1097 644 1165 in
680 1095 852 1188 oppidum
881 1086 1092 1184 Rolzebsrg

96 1229 205 1298 prope
220 1201 416 1281 Lubecam,
446 1213 479 1270 et
502 1197 654 1290 diripuit
672 1221 733 1279 ea,
761 1219 851 1290 quae
865 1195 959 1286 apud
975 1190 1093 1262 Cano-

95 1307 192 1376 01001
214 1303 363 1374 invenit.
412 1297 511 1371 Bene
533 1315 567 1372 et
588 1299 737 1401 feliciter
755 1297 881 1370 valete.
932 1293 1000 1366 Die
1017 1293 1093 1386 pri-

95 1431 153 1478 ma
170 1406 266 1478 lunii
285 1402 385 1481 1552
398 1395 448 1499 *).
790 1491 979 1590 Philippus

105 1869 174 1944 No.
190 1867 304 1944 6128.

101 1969 317 2005 Μ
924 1958 1084 1984 Μ

456 2045 508 2134 li.
539 2044 728 2132 Maiori.

200 2211 285 2287 Epist.
301 2207 396 2268 11111.
413 2227 440 2282 p.
454 2207 508 2266 110
522 2225 563 2280 sq.

129 2367 335 2466 Georgio
359 2363 552 2440 Maiori
575 2355 850 2464 (Superinlcnd.
867 2355 1060 2460 Islcbiac).

94 2507 147 2596 S.
173 2517 220 2594 D.
267 2517 480 2592 Reverende
493 2517 567 2600 vir,
593 2531 627 2588 et
640 2507 844 2586 charissime
858 2511 977 2584 frater.
1016 2505 1094 2581 Etsi

94 2619 234 2708 adbuc,
273 2617 341 2691 Dei
373 2619 565 2700 beneficio,
606 2615 794 2686 mediocris
819 2611 1018 2706 frequentia
1044 2623 1095 2682 est

94 2721 328 2808 Academiae,
356 2734 474 2792 tamen
498 2718 618 2810 vagari
641 2717 747 2788 latius
768 2714 928 2804 contagia
952 2713 1021 2784 luis
1038 2713 1095 2784 in-

93 2825 252 2917 cipiunt:
286 2847 377 2916 qnae
399 2846 440 2892 eo
465 2823 575 2910 magis
599 2818 810 2898 metuimus,
842 2815 1094 2910 quiasiderom

96 2927 235 3020 positus
248 2923 420 3014 siguificat
434 2922 717 2994 insalubritatem
732 2913 818 2988 huie
831 2917 920 2988 loeo.
959 2914 1002 2986 lu
1019 2911 1096 2986 Au-

94 3045 226 3101 tumno
240 3025 433 3110 Saturnus,
464 3025 502 3094 in
519 3019 680 3117 Aquario
703 3020 770 3092 erit
786 3019 969 3112 oppositus
985 3016 1096 3088 Marti

95 3131 137 3199 in
154 3127 284 3199 Leone.
338 3123 458 3214 Quare
473 3127 517 3195 de
531 3147 663 3196 secessu
682 3145 747 3192 nos
764 3145 906 3216 quoque
920 3118 1096 3189 delibera·

94 3245 191 3302 mus.
250 3225 300 3300 Ut
324 3226 441 3297 exulat
464 3227 504 3295 iu
526 3227 662 3296 mundo
674 3219 852 3310 Ecclesia,
883 3222 933 3292 sie
956 3231 1097 3290 nostrae

94 3329 257 3404 familiae
276 3327 419 3398 incertis
441 3327 586 3398 sedibus
609 3336 799 3416 vagantur:
825 3345 913 3418 quas
927 3334 968 3394 ut
982 3319 1097 3392 Filius

95 3431 171 3506 Dei
189 3429 381 3514 custodiat,
412 3441 487 3500 1010
509 3452 590 3498 eom
615 3441 755 3518 pectore
779 3447 856 3496 oro.
914 3419 993 3512 lpse
1016 3446 1097 3515 per-

96 3531 206 3628 spicit
217 3545 359 3625 pectora
375 3543 514 3610 nostra,
541 3543 575 3600 et
589 3529 672 3614 scit,
696 3549 763 3598 nos
778 3525 838 3617 pio
852 3524 970 3595 studio
987 3548 1099 3616 quae-

95 3635 225 3708 sivisse
241 3631 434 3704 veritatem.
483 3623 662 3702 Bellicus
674 3621 841 3723 Gorgias
859 3625 1098 3698 rabiosissime

93 3733 241 3828 scripsit
260 3746 384 3806 contra
405 3755 485 3804 nos.
535 3729 604 3803 Sed
617 3729 696 3802 Deo
712 3729 857 3800 iuvante
872 3727 1027 3817 graviter
1041 3749 1100 3796 re-

94 3835 303 3932 01100101ος
329 3833 445 3906 utrius
457 3856 578 3906 cursus
591 3855 633 3902 es
646 3829 724 3903 Deo
737 3830 793 3916 sit,
817 3827 979 3900 ostendet
991 3849 1099 3898 even-

94 3955 176 4012 tos:
203 3950 238 4010 et
251 3931 489 4008 Ecclesiamm
506 3933 637 4006 iudicia
653 3955 728 4002 non
742 3942 944 4004 conta-no.

202 4051 257 4126 De
282 4051 378 4123 bello
401 4046 495 4122 nihil
519 4049 606 4122 certi
627 4047 781 4120 scribere
805 4067 962 4138 possum.
1019 4038 1099 4114 Oro

98 4167 220 4229 autern
235 4153 370 4226 Filium
386 4150 453 4225 Dei
476 4151 678 4224 vobiscum:
707 4161 749 4220 ut
768 4147 930 4220 restituat
952 4143 1049 4238 piam
1067 4157 1102 4216 et

97 4257 293 4330 salutarem
319 4275 452 4348 pacem.
502 4249 551 4326 Et
572 4247 1008 4345 coniecturisquibusdam
1024 4271 1102 4318 mo·

98 4381 209 4444 0001,
240 4369 280 4429 ut
308 4377 428 4448 pacem
452 4377 601 4448 sperem.
663 4351 763 4425 Bene
785 4363 819 4424 01
842 4347 994 4420 feliciter
1014 4347 1102 4418 vale.

98 4455 308 4534 cattarii.
347 4449 456 4531 1⁵52.

800 4545 1000 4644 Philippus.

969 5015 1104 5046 M

101 4927 177 5004 No.
193 4921 306 5001 6129.

105 5021 316 5058 nm

292 5098 300 5110 ·
367 5081 373 5088 ’
439 5102 772 5218 001μο1...

181 5273 219 5330 lis
234 5271 329 5332 David.
343 5267 469 5342 ulyssei
482 5261 604 5338 epistolis
621 5281 648 5334 p.
662 5261 737 5318 1228.

107 5395 338 5426 ......--

145 5471 176 5540 “)
191 5465 275 5525 stus.
292 5461 441 5518 mendosas
463 5457 539 5517 1111.

108 5547 294 5618 messan.
312 5541 418 5610 0111.
443 5533 617 5607 Vonvll.

1143 911 1234 981 miae
1259 909 1388 978 militia
1411 909 1494 978 satis
1510 903 1666 987 difficili,
1699 899 1770 970 frui
1788 907 1958 990 perpetuo
1978 893 2145 985 optarim.

1143 1013 1235 1083 Nam
1265 1026 1385 1102 postea
1410 1005 1451 1078 in
1477 1007 1548 1078 vita
1574 1003 1716 1076 coelesti
1739 1011 1943 1093 perpetuam
1968 996 2044 1065 fore
2066 1017 2143 1064 non

1144 1113 1282 1186 dubito.
1334 1109 1392 1181 Tu
1408 1111 1447 1179 in
1461 1123 1558 1180 tanta
1574 1105 1781 1176 confusione
1799 1113 2012 1190 temporum,
2036 1107 2073 1166 et
2085 1119 2145 1164 so-

1145 1216 1279 1284 ciorum
1304 1205 1541 1306 κιικοηθείαις
1555 1205 1740 1298 gratuleris
1758 1200 1823 1272 tibi
1840 1195 1936 1268 hunc
1950 1189 2145 1292 παραστά-

1143 1339 1230 1408 την,
1259 1313 1533 1402 intelligentem,
1559 1307 1751 1378 candidum
1766 1315 1800 1374 et
1814 1299 2004 1370 eruditum.
2056 1295 2143 1368 Vidi

1144 1411 1353 1510 Gorgonem
1364 1406 1585 1483 Baltlsioom
1601 1411 1769 1479 adversus
1784 1425 1841 1472 me
1855 1401 2000 1484 editam,
2018 1411 2142 1468 contra

1145 1542 1252 1612 quarn
1282 1541 1338 1585 me
1367 1516 1533 1584 defendat
1560 1535 1635 1580 non
1660 1503 1751 1578 Orci
1780 1503 1897 1595 galea,
1927 1513 1969 1570 ut
1989 1499 2075 1569 olim
2098 1499 2143 1568 de

1145 1619 1273 1690 Perseo
1298 1617 1432 1686 dictum
1456 1627 1525 1704 est,
1558 1613 1617 1682 sed
1634 1605 1658 1704 ἡ
1674 1595 1941 1702 περικεφαλαία
1957 1593 2143 1694 σωτηρίου

1141 1721 1320 1812 χριστοῦ,
1354 1731 1394 1788 ut
1408 1713 1530 1785 Esaias
1553 1727 1587 1784 et
1601 1710 1733 1781 Pardus
1753 1709 1962 1800 loquuntur.
2014 1697 2090 1790 Ego
2110 1715 2145 1774 01

822 1869 825 1876 -
954 1861 1068 1938 Mun·
1146 1820 1279 1892 Christi
1312 1833 1345 1888 et
1367 1815 1546 1887 Ecclesiae
1576 1812 1710 1883 iudicio
1736 1833 1793 1878 me
1819 1803 1984 1876 subiicio:
2039 1800 2144 1873 Certe

1148 1923 1331 2014 perfidiose
1351 1916 1444 1988 nihil
1464 1917 1532 1986 feei
1549 1915 1588 1984 in
1603 1909 1669 1982 hac
1685 1923 1783 1982 tanta
1799 1929 1924 1988 causa,
1946 1917 1987 1974 ut
2003 1927 2058 1971 me
2074 1902 2144 1972 eri-

1146 2024 1303 2093 minatur
1316 2021 1381 2092 ista
1396 2017 1530 2109 Gorgo.
1580 2011 1821 2102 Respondebo
1836 2007 1957 2090 latine,
1981 2027 2046 2074 nec
2061 2023 2144 2094 pos-

1146 2125 1212 2192 sim
1228 2122 1365 2194 etiamsi
1378 2121 1506 2192 vellem
1523 2115 1687 2188 convitiis
1704 2125 1848 2184 certare.
1887 2103 2034 2178 Utinam
2052 2101 2145 2174 Aca-

1147 2227 1284 2294 demiae
1316 2225 1416 2314 pium
1448 2239 1659 2290 consensum
1692 2225 1872 2284 tueantur·
1937 2207 1994 2278 De
2030 2205 2145 2296 patria

1146 2341 1283 2396 tantum
1306 2321 1392 2394 haec
1414 2322 1499 2396 scio.
1549 2317 1618 2390 Die
1636 2315 1726 2388 Maii
1747 2325 1871 2384 octavo
1888 2305 1966 2380 Rex
1984 2304 2146 2377 Gallicus

1147 2429 1220 2518 ipse
1253 2449 1333 2498 curn
1359 2445 1488 2513 magno
1518 2418 1672 2490 exercitu
1700 2417 1744 2486 ad
1768 2409 1997 2506 Hagonoom
2027 2428 2143 2477 acces-

1146 2529 1192 2601 sit
1207 2523 1249 2624 2).
1287 2523 1493 2621 Argsnlfna
1511 2533 1611 2614 parat
1626 2543 1663 2587 se
1675 2519 1720 2588 ad
1736 2513 1991 2585 defensionem.
2026 2503 2146 2580 Nori-

1147 2628 1297 2722 bergom
1321 2650 1420 2699 nunc
1443 2625 1582 2695 obsidet
1603 2609 1787 2690 Morchio
1809 2609 1993 2684 Alberlus.
2040 2606 2145 2678 Circa

1146 2727 1365 2823 Utinam)
1404 2739 1439 2797 et
1469 2718 1722 2816 Noribergam
1761 2715 1842 2809 pagi
1883 2713 2004 2804 plures
2037 2732 2145 2802 quam

1146 2835 1386 2925 septuaginta,
1419 2829 1465 2897 ab
1487 2826 1564 2896 istis
1587 2818 1840 2894 liberatoribus
1859 2811 1995 2908 patriae
2009 2809 2148 2915 accensi

1147 2947 1241 3008 sunt.
1289 2930 1446 3004 Oremus
1459 2928 1571 2997 lilium
1587 2922 1656 2996 Dei
1670 2935 1711 2994 ut
1725 2919 1835 2992 leniat
1847 2933 1999 3008 poenas,
2025 2924 2059 2981 et
2072 2933 2148 2981 ser-

1135 3051 1204 3120 ‚vet
1219 3031 1396 3105 Ecclesiae
1414 3029 1594 3122 reliquias.
1626 3023 1724 3096 Beue
1737 3021 1827 3100 vale,
1849 3031 1884 3088 et
1900 3035 2002 3102 saepe
2018 3013 2063 3083 ad
2077 3035 2146 3124 pos

1148 3137 1306 3208 scribito.
1356 3137 1391 3205 Ξ.
1409 3129 1517 3200 lunii.

1844 3211 2043 3308 Philippus.

1164 3425 2141 3472 ........---—---·----···

2014 3588 2049 3649 8.
2067 3575 2138 3642 lun.

2011 3667 2144 3694 hm

1149 3597 1346 3730 Q.

1514 3789 1567 3878 G.
1599 3783 1788 3875 Maiori.

1250 3959 1335 4036 Epist.
1352 3955 1402 4016 lib.
1414 3952 1450 4012 V.
1467 3970 1495 4028 p.
1509 3947 1562 4007 119
1575 3968 1617 4024 sq.

1433 4105 1641 4206 Georgio
1665 4093 1869 4174 Maiori.

1153 4261 1203 4350 S·
1224 4269 1273 4348 D.
1321 4263 1533 4340 Reverende
1548 4256 1625 4338 vir,
1648 4263 1682 4321 et
1704 4240 1907 4318 charissime
1929 4239 2049 4308 frater.
2101 4231 2150 4306 Ut

1155 4381 1194 4448 iu
1216 4373 1365 4454 ludaea,
1405 4387 1486 4436 cum
1515 4355 1645 4452 passim
1676 4357 1890 4439 vagarentur
1913 4337 2085 4410 exercitus
2109 4357 2149 4404 ex

1155 4473 1314 4574 pessimis
1340 4467 1473 4560 gentib.
1496 4455 1653 4534 collecti,
1686 4473 1727 4522 ex
1751 4441 1926 4542 Syriacis,
1958 4433 2150 4516 Arabibus,

1156 4571 1316 4658 Parthis,
1345 4561 1522 4642 Romanis
1548 4571 1583 4630 et
1611 4552 1704 4626 aliis:
1738 4561 1857 4619 tamen
1877 4539 1977 4614 Deus
1998 4535 2151 4630 protexit

1155 4677 1307 4752 familias
1329 4671 1471 4764 piorum
1490 4663 1529 4732 in
1548 4671 1621 4731 tota
1643 4651 1786 4744 regione
1802 4663 1955 4738 sparsas:
1988 4651 2022 4758 et
2039 4638 2076 4706 iu
2093 4629 2151 4754 bis

1156 4792 1335 4850 matronas
1358 4785 1392 4842 01
1407 4765 1562 4855 virgines
1575 4765 1792 4852 praestantes
1805 4749 1920 4817 forma
1934 4755 1971 4812 et
1989 4759 2153 4830 ingenus,

1157 4881 1348 4954 celebratas
1386 4869 1492 4940 etiam
1529 4869 1676 4956 propter
1708 4846 1935 4944 sapientiamt
1975 4839 2022 4911 ita
2055 4859 2151 4958 nune

1158 5001 1317 5076 quoque,
1342 4994 1464 5066 spero,
1489 4973 1730 5059 protecturum
1747 4973 1822 5022 esse
1837 4955 1975 5016 nostras
1990 4937 2153 5010 familias.

1158 5079 1205 5154 Et
1226 5073 1295 5150 hoc
1317 5071 1518 5164 exemplum
1535 5084 1636 5156 saepe
1651 5050 1744 5128 mibi
1761 5051 1800 5121 iu
1814 5043 1951 5138 magnis
1967 5039 2152 5114 doloribus

1157 5213 1387 5236 ..ι-...-

1194 5275 1221 5342 1)
1242 5265 1399 5336 Αο1111111,
1415 5259 1600 5327 Witabergas
1611 5247 1721 5310 versati.

1192 5355 1222 5425 2)
1240 5353 1354 5409 Factum
1368 5348 1450 5403 11011
1465 5341 1494 5398 1.
1507 5341 1534 5396 7.
1550 5336 1616 5393 Maii
1630 5333 1707 5390 1661.
1734 5323 1797 5382 111.
1811 5319 1932 5380 Sitifim·
1950 5313 2052 5390 11761.

1192 5441 1221 5510 61
1240 5438 1302 5494 Vid.
1320 5425 1562 5581 81161ὶο4Λῆ
