4624 6216
138 311 215 388 921
720 311 1162 392 EPlS'l'OLAliUM
1213 313 1325 392 ΗΒ.
1349 314 1435 396 xtt.
1490 313 1623 394 1552.
2110 322 2190 396 922

134 488 196 559 nis
209 483 279 558 Dei
304 497 339 558 et
356 486 560 574 doctrinae,
592 497 714 580 postea
734 487 959 580 singulorum
982 489 1136 573 vocstio‚
1185 487 1301 580 ipsum
1327 488 1557 562 mediatorem
1580 501 1833 586 tuncqnoque
1854 495 2037 564 custodem
2062 507 2098 566 et
2117 515 2185 584 gu·

136 587 352 674 certamina,
378 589 567 676 victuriae,
593 591 792 682 praesentia
808 589 876 661 Dei
897 604 1081 684 conspecta
1097 591 1134 660 in
1184 591 1409 664 bernatorcm
1435 613 1510 662 esse
1530 587 1654 678 lacub,
1687 605 1723 664 ct
1743 595 1951 686 comprobat
1974 592 2039 666 bos
2055 597 2183 676 cultus,

134 691 299 785 ipsorum
321 690 614 778 liberationibus,
643 693 803 763 collectio
818 689 1015 779 Ecclesiae3
1044 716 1135 787 quae
1184 714 1275 786 quus
1290 687 1474 762 Abrabam
1489 715 1532 762 ex
1544 717 1630 764 voce
1645 693 1767 764 divina
1782 695 1970 782 didicerat,
1994 699 2185 790 dequibus

134 795 233 866 dicta
249 805 284 862 ct
298 793 455 885 exempla
469 816 535 862 nus
548 793 724 880 erudiant,
750 809 784 864 et
796 795 902 863 fidem
915 795 1136 878 confirment,
1184 793 1354 885 scriptum
1378 807 1468 864 erat:
1502 789 1853 866 crediditAbr-aham
1873 798 1974 882 Deo,
2005 813 2039 869 ct
2063 801 2185 890 impu-

133 917 227 992 quac
242 894 391 966 virtutes
413 895 604 966 imitandae
620 895 704 969 sint.
752 891 822 965 Per
837 891 924 967 haec
938 897 1050 989 capita
1067 898 1136 966 du·
1183 907 1253 966 tata
1271 895 1370 966 estei
1385 895 1536 969 iusticia.
1586 894 1690 966 Unde
1704 898 1837 968 sciebat
1854 915 1889 971 et
1904 898 2021 982 laceb,
2048 901 2184 977 cultum

132 1011 212 1070 etse
233 1007 318 1068 sunt
335 991 505 1066 historiae
521 996 744 1088 superiorum
763 997 939 1068 librorum
955 1001 1000 1068 de
1016 995 1133 1067 Adam
1182 994 1251 1066 Dei
1266 996 1494 1088 praecipuum
1512 1017 1586 1070 esse
1599 990 1692 1068 banc
1707 997 1823 1084 iidem,
1849 1025 1919 1092 qua
1935 1003 2121 1086 statuebat,
2146 1025 2183 1072 se

136 1113 174 1172 et
196 1096 315 1183 Heva,
348 1093 524 1182 denset,
558 1093 663 1182 Seth,
698 1093 869 1184 Henuch,
893 1094 1015 1185 Nuba,
1040 1097 1135 1183 Sem,
1183 1097 1260 1169 Deo
1286 1112 1432 1191 propter
1453 1093 1550 1168 hunc
1570 1099 1800 1170 mediatorem
1825 1102 1981 1191 placere,
2009 1127 2085 1174 non
2099 1125 2184 1194 pro-

12 1247 13 1255 ι
135 1194 340 1285 Abraham,
368 1195 481 1284 Loth,
507 1197 620 1283 lsaac;
653 1195 782 1270 borum
798 1200 960 1270 omnium
973 1200 1133 1272 doctrina
1183 1213 1262 1290 pter
1282 1201 1464 1292 propriam
1483 1199 1712 1290 dignitatem,
1743 1213 1780 1274 et
1799 1227 1836 1272 se
1857 1226 1921 1293 pec
1937 1199 2034 1276 hunc
2047 1203 2185 1276 media-

9 1379 10 1384 ,
134 1305 260 1374 eadem
280 1314 332 1372 est
353 1303 397 1370 de
412 1298 489 1370 Deo
511 1301 714 1386 conditore,
746 1301 791 1370 de
814 1325 933 1372 rerum
947 1302 1134 1387 creatione,
1183 1315 1295 1372 torem
1310 1301 1519 1391 gubernari,
1544 1314 1598 1386 et,
1621 1303 1757 1374 abolito
1771 1317 1912 1394 peccato
1926 1321 1960 1376 et
1973 1319 2101 1392 morte,
2126 1329 2184 1376 re-

7 1449 12 1462 ·
136 1405 294 1496 delapsu
307 1402 504 1496 primorum
519 1415 719 1493 parentum,
741 1403 788 1472 de
801 1402 991 1493 peccatoin
1007 1427 1134 1494 genere
1183 1402 1282 1472 stitui
1301 1417 1447 1495 propter
1469 1427 1568 1487 cum,
1592 1415 1627 1472 et
1650 1427 1715 1496 per
1735 1429 1817 1476 eum
1833 1406 2007 1478 iusticiam
2023 1423 2057 1480 et
2072 1408 2184 1478 vitam

5 1569 7 1592 ,
135 1501 316 1590 humano,
344 1506 388 1574 de
411 1504 487 1592 lege
503 1499 591 1590 Dei,
621 1505 666 1574 de
689 1503 925 1596 promissione
949 1519 984 1576 et
999 1509 1134 1574 deme-
1183 1516 1374 1576 aeternam.
1426 1503 1517 1574 Nam
1535 1505 1580 1574 ad
1595 1505 1883 1594 promissionem,
1909 1533 2017 1600 quam
2033 1521 2069 1580 et
2084 1523 2185 1602 pater

4 1659 11 1699 3
134 1610 295 1692 diatore,
320 1608 364 1676 dc
381 1607 511 1696 gratia,
536 1606 580 1674 dc
598 1605 807 1676 remissione
824 1619 1064 1696 peccatorum,
1089 1607 1134 1674 de
1184 1617 1219 1674 et
1231 1604 1305 1694 ipse
1326 1605 1532 1690 audierant,
1570 1605 1738 1697 iungebat
1760 1631 1882 1678 vocem
1911 1609 2028 1680 illam:
2061 1633 2185 1682 semen

2 1761 15 1804 ς
132 1711 223 1794 fide,
249 1710 294 1780 de
312 1732 394 1776 vera
410 1706 652 1790 invocatione,
677 1709 721 1776 de
735 1729 828 1776 nova
842 1707 1065 1792 obedientia,
1090 1709 1134 1775 de
1184 1705 1344 1776 mulieris
1365 1705 1588 1776 conculcabit
1604 1721 1815 1798 serpentem.
1866 1707 1969 1782 Hanc
1992 1711 2187 1783 confessio-

134 1809 316 1894 Ecclesia,
341 1811 386 1878 de
402 1831 525 1892 cruce,
550 1809 595 1878 de
612 1821 762 1878 venturo
780 1807 926 1881 iudicio.
977 1807 1049 1880 Sed
1070 1833 1135 1878 vu·
1183 1830 1266 1876 nem
1279 1819 1381 1878 sonat
1397 1805 1493 1898 ipse,
1517 1829 1597 1878 cum
1612 1808 1747 1903 inquit:
1774 1811 1957 1882 benedicat
1976 1813 2094 1904 pneris
2109 1813 2186 1882 istis

5 1969 18 1979 .
135 1914 294 1984 cationes
316 1907 505 2000 etnegutia
522 1909 708 1979 dissimilia
724 1923 818 1984 sunt.
868 1905 971 1979 Nuba
988 1923 1136 1978 vocatur
1183 1904 1281 1978 Deus
1303 1921 1444 2000 patrum
1471 1931 1653 1990 meorum,
1679 1905 1846 1982 Abrahae
1868 1909 2031 2000 etlsaac,
2056 1913 2185 1986 etAn-

3 1999 19 2086 ’.
131 2017 182 2098 ad
216 2013 404 2084 servmdas
435 2009 605 2103 reliquias
632 2007 811 2080 Ecclesiae
843 2011 883 2079 in
908 2011 1066 2094 diluvio,
1100 2025 1135 2080 et
1182 2009 1299 2099 gelus,
1321 2011 1384 2102 qui
1404 2010 1535 2101 eripuit
1553 2034 1611 2082 me
1626 2013 1850 2084 exomnibus
1865 2015 1988 2100 malis,
2011 2029 2185 2088 ermsrte

5 2102 18 2196 ,ζ
131 2117 266 2188 deinde
283 2116 327 2185 ad
344 2112 635 2184 instaurationem
652 2112 693 2180 in
708 2111 923 2203 posteritate.
973 2107 1134 2202 Dissipa-
1184 2123 1322 2180 aeterna
1347 2123 1382 2180 et
1402 2111 1483 2181 aliis
1508 2111 1777 2186 calamitatibus.
1829 2113 1902 2186 Nec
1926 2140 2010 2186 veru
2032 2118 2184 2188 dubium

10 2205 19 2285 ⁹.
132 2219 184 2290 tis
211 2241 296 2286 veru
319 2215 465 2306 posteris
490 2207 633 2298 Nubae,
673 2237 753 2284 ctam
778 2213 849 2282 iam
873 2210 1133 2307 Babylonicum
1183 2224 1254 2295 est,
1287 2206 1383 2282 hunc
1402 2211 1588 2300 angelum,
1624 2213 1726 2284 cuius
1748 2210 1807 2285 bic
1829 2217 1868 2287 lit
1888 2218 2044 2302 mentio,
2068 2217 2184 2288 filium

132 2317 331 2411 Imperium
349 2311 556 2386 inchoatum
572 2329 680 2400 esset,
705 2327 740 2384 et
755 2314 920 2384 tenebrae
937 2314 1031 2384 iuter
1048 2335 1135 2404 gen·
1182 2310 1251 2382 Dei
1274 2335 1363 2397 esse,
1388 2337 1493 2404 quem
1517 2327 1620 2384 norat
1639 2315 1734 2385 mitti
1753 2319 1797 2386 ad
1811 2313 2026 2405 Ecclesiam,
2050 2333 2185 2392 uteam

6 2409 19 2498 ’ζ
135 2437 192 2494 tes
210 2431 423 2502 crescerent,
448 2413 545 2486 Deus
557 2441 649 2486 nova
664 2417 851 2488 vocatione
867 2411 1062 2486 Ecclesiam
1076 2415 1135 2484 in·
1182 2413 1373 2502 gubernet,
1400 2428 1576 2505 protegat,
1612 2415 1779 2488 libereta
1805 2435 1946 2510 peccato
1968 2433 2039 2492 eta
2058 2437 2184 2492 morte.

7 2515 22 2617 ζ,
129 2535 279 2606 staurat‚
296 2519 444 2612 repetita
460 2518 696 2610 promissione
709 2531 745 2589 et
759 2518 881 2590 additu
896 2517 968 2590 ritu
982 2517 1135 2588 circum·
1182 2513 1279 2586 llaec
1296 2515 1464 2586 beneficia
1478 2539 1554 2586 nun
1570 2531 1723 2607 praestat
1736 2519 1848 2590 ullius
1863 2535 2044 2594 creaturae
2056 2535 2185 2616 poten-

7 2695 12 2714 ἰ
132 2623 300 2708 cisionis,
330 2635 371 2692 ut
387 2622 568 2690 mentione
583 2621 658 2712 ipsa
682 2620 833 2690 membri
855 2621 1135 2689 admonerentur
1184 2617 1250 2702 tia,
1275 2619 1336 2688 sed
1360 2617 1454 2688 lilius
1467 2615 1535 2688 Dei
1558 2614 1701 2692 exbibet
1720 2645 1760 2690 ea
1777 2617 1965 2694 Ecclesiae.
2017 2623 2091 2694 Noc
2115 2625 2185 2694 du-

6 2722 19 2821 J'
129 2721 301 2796 homines
322 2725 366 2792 de
380 2733 531 2792 venturo
548 2722 693 2795 semine.
744 2719 953 2793 Doctrinam
967 2721 1076 2810 igitur
1088 2720 1134 2804 ab
1183 2717 1282 2789 bium
1306 2731 1375 2804 est,
1400 2721 1445 2789 de
1469 2713 1536 2789 hoc
1551 2717 1709 2792 Domino
1731 2723 1938 2796 restituente
1957 2724 2134 2796 iusticiam
2149 2737 2185 2794 et

11 2828 19 2909 ’,
127 2821 319 2898 Abraham
339 2837 514 2915 acceptam
532 2837 660 2894 sonant
676 2821 773 2892 lsaac
791 2837 826 2894 et
843 2821 961 2897 lacob.
1182 2820 1292 2890 vitam
1305 2833 1483 2892 aeternam
1495 2821 1713 2905 concionari,
1736 2847 1817 2894 cum
1834 2824 1927 2896 infra
1944 2826 2079 2920 ioquin
2106 2823 2184 2896 Do-

16 2922 21 2932 ’
240 2925 314 2997 lam
337 2927 376 2994 in
399 2919 465 2994 hae
487 2919 636 2996 historia
660 2924 808 3013 cogites,
834 2937 1008 3018 quantum
1025 2921 1135 2993 decus
1182 2944 1247 2991 nec
1267 2922 1385 2992 veniet
1398 2921 1493 3008 Silo,
1518 2935 1554 2994 et
1575 2925 1620 2992 ad
1637 2947 1719 2994 cum
1732 2929 2183 3019 gntescongregabnntnr.

5 3029 14 3044 ''
125 3029 258 3114 fuerit,
282 3039 413 3122 quanta
436 3025 504 3116 piis
520 3027 761 3111 confirmatio,
787 3027 885 3122 quud
902 3027 1025 3094 eudem
1041 3035 1133 3093 tem·
1180 3019 1260 3094 Etsi
1279 3035 1397 3112 autem
1411 3047 1543 3094 nornen
1560 3019 1646 3094 Silo
1660 3025 1723 3096 alii
1738 3028 1841 3099 aliter
1854 3029 2076 3122 interpretati
2089 3041 2183 3112 sunt,

10 3118 15 3146 ³
127 3155 222 3224 pure
238 3130 276 3199 in
290 3129 416 3198 vicinis
433 3129 519 3198 lucis
534 3153 605 3198 una
621 3129 806 3210 vixerunt,
831 3141 867 3199 et
883 3149 985 3218 saepe
1002 3147 1133 3195 conve-
1182 3138 1302 3196 tamen
1317 3147 1468 3218 sequens
1483 3127 1655 3218 particula
1672 3129 1858 3200 manifeste
1873 3132 2050 3218 ostendit,
2074 3129 2183 3202 intel-

4 3217 19 3256 ²'
128 3245 266 3304 nerunt
290 3233 334 3300 ad
359 3230 627 3322 explicationem
650 3231 833 3300 doctrinae
859 3241 892 3298 et
908 3231 952 3298 ad
970 3239 1132 3298 mutuam
1181 3226 1245 3317 ligi
1268 3227 1415 3312 ducem,
1440 3227 1503 3322 qui
1528 3227 1632 3298 etiam
1656 3244 1777 3318 gentes
1797 3231 1842 3302 ad
1865 3229 1982 3304 Deum
2005 3235 2182 3325 placatum

4 3342 20 3425 ζ’Ι
127 3332 412 3406 consolationem
451 3330 554 3416 Sem,
596 3331 658 3425 qui
699 3330 879 3402 nominari
913 3328 1133 3400 existimatur
1181 3327 1426 3418 congregabit,
1451 3330 1514 3424 qui
1528 3330 1752 3402 conculcabit
1766 3345 1872 3423 caput
1886 3335 2069 3424 serpentis,
2093 3334 2183 3404 abo·

6 3421 14 3460 '⁹
128 3429 416 3518 Melchisedeclc,
441 3427 643 3518 Abraham,
668 3429 782 3520 lsaac,
807 3431 887 3506 Rea
908 3423 1131 3502 Abimelecb.
1182 3429 1269 3500 lebit
1285 3443 1464 3521 peccatum
1483 3443 1518 3502 et
1534 3445 1697 3506 mortem.
1727 3429 1778 3504 Et
1792 3447 1886 3504 recte
1900 3435 2064 3509 existimo
2078 3433 2182 3506 rmdl

6 3531 21 3629 ¹]
126 3533 184 3610 Et
205 3558 407 3632 quanquam
430 3557 569 3625 semper
589 3529 768 3605 Ecclesiae
788 3535 982 3606 multitudo
1011 3531 1131 3600 minor
1181 3531 1393 3602 vocabulum
1414 3527 1497 3602 Silo
1520 3533 1757 3624 appellatione
1781 3535 1905 3606 salutis
1929 3549 1964 3606 et
1987 3537 2181 3608 salvatoris.

128 3651 205 3722 est,
236 3659 342 3732 quam
366 3634 524 3726 gentium
547 3635 756 3727 impiarum,
789 3651 907 3708 tamen
929 3635 1001 3705 illis
1022 3631 1131 3705 tantis
1181 3629 1253 3702 Nec
1280 3633 1437 3702 insuavis
1453 3649 1503 3704 est
1519 3633 1730 3728 etymologia
1749 3631 1899 3706 Ebraeis
1913 3650 2016 3722 nuta,
2040 3639 2104 3733 qni
2122 3637 2181 3706 in-

5 3725 21 3794 l
125 3740 337 3812 ductoribus
352 3759 425 3806 non
442 3737 554 3807 defuit
565 3739 755 3807 mediocris
767 3735 977 3832 frequentia.
1027 3731 1131 3804 Sem-
1180 3746 1420 3826 terpretantur
1436 3728 1549 3805 Silols
1570 3735 1705 3806 foetum
1729 3735 1826 3822 eius,
1860 3738 2027 3810 videlicet
2046 3737 2181 3824 matris,

5 3840 17 3881 :r
124 3863 197 3936 per
216 3841 312 3909 enim
335 3837 433 3910 Deus
450 3839 526 3908 vult
545 3835 738 3908 Ecclesiam
761 3839 922 3910 exaudiri
943 3837 981 3906 in
1003 3857 1130 3926 genere
1179 3847 1221 3905 ut
1242 3849 1414 3924 congruat
1435 3839 1479 3906 ad
1500 3837 1653 3908 dictum:
1679 3861 1799 3908 semen
1817 3839 1980 3910 mulieris
1994 3843 2180 3914 conculca-

6 3931 22 3982 ‘³
125 3939 311 4027 humanu,
348 3955 390 4012 ut
412 3939 506 4010 filius
527 3955 756 4028 agnoscatur,
786 3953 822 4012 et
843 3953 883 4012 ut
906 3961 988 4030 pars
1008 3937 1127 4030 aliqua
1180 3935 1233 4006 bit
1254 3949 1359 4026 capnt
1382 3939 1566 4030 serpentis.
1615 3935 1663 4010 Et
1683 3939 1823 4029 insigne
1844 3955 1895 4012 est
1906 3935 2041 4036 χόριον
2055 3939 2180 4034 αὐτῆς.

17 4035 21 4058 ’
125 4044 268 4136 generis
291 4037 438 4112 humani
455 4041 515 4110 liat
531 4037 654 4112 haeres
670 4042 830 4113 coelestis
845 4041 990 4132 gloriae.
1043 4039 1127 4108 ldeu
1179 4035 1249 4106 llic
1270 4037 1445 4110 filiusDei
1467 4041 1612 4112 assumit
1628 4036 1819 4110 humanam
1837 4057 2001 4114 naturam
2019 4044 2176 4114 imbecil-

8 4145 14 4188 ⁵
127 4145 282 4218 collocat
300 4169 375 4214 earn
397 4143 497 4214 velut
513 4143 550 4212 in
566 4143 656 4212 celsa
669 4167 766 4228 arce,
792 4157 831 4215 ut
845 4141 1001 4235 conspici
1018 4151 1053 4210 et
1067 4160 1127 4208 ex·
1178 4139 1266 4223 lem,
1299 4163 1389 4234 qnae
1408 4143 1559 4212 susstinet
1582 4141 1744 4231 ingentes
1766 4143 1924 4230 dolores,
1958 4145 2045 4214 iram
2062 4141 2129 4216 Dei
2145 4157 2180 4214 et

18 4240 21 4251 ’
128 4247 249 4320 audiri
283 4245 408 4337 possit,
442 4257 477 4314 et
509 4243 723 4314 mediocrem
756 4245 989 4338 frequentiam
1016 4241 1126 4322 addit,
1178 4255 1339 4326 mortem,
1365 4257 1400 4316 et
1416 4246 1573 4332 pendens
1587 4243 1626 4311 in
1645 4267 1748 4314 cruce
1760 4255 1812 4313 est
1825 4245 1984 4314 deforme
2001 4259 2034 4318 et
2051 4267 2178 4316 cruen·

8 4342 22 4365 ''
126 4371 221 4442 qnae
241 4349 288 4420 sit
309 4344 492 4418 doctrinae
511 4347 628 4430 testis,
659 4359 695 4416 et
710 4347 858 4439 accipiat
875 4342 1043 4416 beneficia
1060 4341 1125 4411 filii
1178 4355 1253 4412 tum
1262 4333 1405 4438 χόριον.
1431 4339 1479 4413 Ει
1494 4357 1794 4416 tamenermorte
1803 4345 1992 4417 reviviscit.
2020 4345 2059 4416 ln
2074 4347 2180 4417 nohis

9 4450 21 4495 2'
122 4451 216 4534 Dei,
241 4475 346 4544 quem
363 4469 437 4516 nun
454 4447 584 4518 trustra
599 4447 695 4516 misit
708 4463 872 4520 aeternus
887 4459 997 4538 pater.
1178 4467 1262 4512 veru
1279 4457 1405 4513 natura
1420 4443 1602 4515 immunda
1621 4469 1766 4536 prorsus
1781 4459 1831 4516 est
1846 4449 2032 4518 sordidum
2048 4463 2084 4520 et
2098 4449 2178 4542 pol-

232 4551 351 4642 Quare
370 4563 404 4619 et
419 4547 457 4616 in
473 4542 539 4617 hac
553 4543 700 4619 historia
717 4545 823 4620 lacub
838 4549 1024 4640 praecipue
1038 4569 1125 4614 cuu-
1177 4543 1292 4614 lutum
1308 4537 1441 4638 χόριον
1457 4561 1606 4636 peccato.
1659 4544 1730 4618 Sed
1745 4571 1826 4617 cum
1843 4547 1917 4640 ipse
1932 4543 1999 4618 hoc
2014 4563 2177 4620 nostrum

10 4658 20 4676 ‘
120 4655 302 4727 sideretur
316 4673 426 4742 genus
439 4649 633 4735 doctrinae,
659 4653 754 4744 quod
768 4652 921 4722 subinde
936 4647 1125 4738 repetitum
1174 4637 1307 4740 χόριον
1329 4645 1466 4730 induit,
1494 4669 1574 4717 cum
1596 4671 1663 4716 nos
1685 4671 1771 4719 voce
1785 4643 1973 4740 Evangelii
1988 4664 2022 4722 et
2038 4649 2177 4742 Spiritu

7 4765 17 4807 ⁷
125 4767 192 4828 est.
254 4753 341 4824 Nam
366 4765 399 4821 et
419 4751 494 4842 ipse
514 4747 611 4820 Deus
633 4765 731 4821 stans
755 4753 793 4822 in
815 4755 906 4822 scala
931 4745 1125 4834 iuBethcl,
1176 4769 1242 4816 sno
1263 4759 1385 4816 sancto
1409 4747 1580 4830 vivificat,
1613 4751 1653 4819 fit
1674 4744 1759 4820 baec
1782 4751 1886 4841 pellis
1909 4751 2081 4843 templum
2098 4750 2187 4846 Dei,

8 4869 14 4881 ’
124 4855 314 4952 alloquens
337 4853 441 4924 lacub
461 4852 623 4922 adfirmat
648 4877 765 4936 nunu,
799 4877 880 4924 vere
904 4877 976 4922 esse
995 4849 1124 4932 Βιιιιιι,
1177 4863 1211 4918 et
1226 4847 1430 4916 liberatura
1447 4864 1588 4940 peccatu
1603 4865 1635 4921 et
1653 4865 1777 4922 morte.

122 4957 191 5053 qni
214 4983 250 5026 se
274 4955 435 5048 patefecit
458 4946 625 5022 Abrahae
647 4967 681 5024 et
701 4956 974 5044 promissionem
998 4951 1121 5020 edidit.
1277 4945 1347 5018 Set
1365 4949 1403 5016 in
1419 4943 1485 5020 hac
1499 4952 1575 5042 ipsa
1588 4952 1813 5024 enarratione
1828 4945 1994 5026 Lutlsers'
2006 4949 2074 5025 hee
2088 4977 2177 5026 con-

2 5081 5 5090 ’
120 5059 224 5132 Haec
247 5060 372 5127 iisdem
398 5055 515 5125 verbis
537 5053 589 5122 ibi
613 5056 759 5145 repetita
776 5067 838 5128 est.
890 5053 996 5124 Hunc
1014 5053 1124 5138 igitur
1175 5048 1296 5120 cinnes
1308 5071 1432 5120 omnes
1449 5049 1554 5122 lscub
1570 5065 1604 5124 et
1619 5053 1771 5124 aliorum
1788 5055 1928 5146 copiose
1943 5057 2176 5148 explicantur.

121 5185 249 5234 vertam
266 5161 379 5232 Deum
402 5158 480 5227 vult
498 5157 639 5244 agnosci
662 5169 698 5226 et
721 5154 898 5240 invocari,
929 5156 992 5248 qui
1010 5152 1122 5224 edidit
1175 5149 1271 5221 Haec
1288 5175 1330 5220 co
1348 5165 1484 5222 tanturn
1504 5155 1666 5232 recitavi,
1697 5156 1792 5226 utin
1811 5156 2175 5229 vestibuloadmune-

119 5261 415 5360 prumissiunem,
443 5271 479 5328 et
502 5257 579 5328 vult
594 5258 752 5350 conspici
767 5257 1015 5340 mediatorem,
1045 5253 1124 5324 vult
1175 5275 1249 5322 rem
1270 5251 1444 5333 iuniores,
1471 5255 1509 5323 in
1526 5251 1581 5326 his
1597 5251 1755 5328 historiis
1769 5280 1843 5328 non
1860 5272 2000 5330 tantum
2014 5257 2174 5352 uenrpla

119 5365 254 5440 fiducia
276 5360 481 5432 mediatoris
500 5358 611 5450 accipi
630 5357 872 5428 remissionem
899 5371 1119 5448 peccatorum
1174 5355 1267 5425 vitae
1296 5356 1542 5426 oeconomicae
1571 5371 1634 5430 aut
1662 5357 1828 5448 politicae
1859 5365 2059 5454 quaerenda
2089 5385 2175 5444 esse,

119 5483 161 5540 at
179 5463 502 5536 reconciliationem
516 5475 661 5556 propter
674 5461 809 5554 ipsum,
833 5459 910 5532 vult
926 5459 1008 5530 sciri
1023 5452 1120 5528 hunc
1173 5457 1231 5526 sed
1258 5455 1445 5548 praecipue
1465 5479 1574 5548 genus
1597 5457 1780 5534 doctrinae
1801 5473 1835 5533 et
1859 5485 2071 5534 conscensum
2098 5465 2172 5556 pri·
