4730 6202
216 301 312 382 1159
438 323 475 414 χ
796 298 1232 377 nersrotanun
1283 301 1491 380 arnan.
1542 297 1675 382 asse.
2141 303 2220 379 tua

328 473 492 570 Cumque
506 475 582 544 'mm
608 469 762 544 Ecclesia
784 473 926 566 publice
947 487 1123 566 proponat
1146 475 1212 544 do-
1262 495 1364 560 suac,
1388 485 1440 544 est
1452 470 1684 559 Emmanuel,
1710 487 1928 557 sustentans,
1954 485 2103 562 gestans,
2124 486 2222 564 prote·

223 578 374 649 ctrinam
394 579 439 646 de
461 576 684 668 copulatione
707 588 853 646 naturae
870 575 1012 645 divinae
1037 589 1072 646 et
1086 569 1214 644 huma·
1263 598 1367 666 gens,
1400 575 1582 644 vivificans
1603 599 1669 644 nos
1694 576 1788 646 dicta
1811 575 2051 644 consolatione
2075 573 2226 658 innubis,

226 703 291 750 nae
307 673 511 763 inChristo,
533 698 652 748 causas
668 689 784 745 tantae
800 675 852 744 rei
868 677 988 768 aliquo
1005 678 1112 746 modo
1127 699 1215 746 con·
1264 679 1451 747 ostendens
1468 673 1630 760 Patrem,
1657 692 1690 748 et
1705 680 1792 749 dans
1808 678 1912 746 nohis
1928 678 1972 744 de
1990 675 2113 766 spiritu
2128 697 2190 745 suo.

227 780 433 864 sideremus‚
447 792 487 850 ut
501 792 642 870 pectora
656 775 766 866 magis
781 777 925 847 ardeant
941 777 979 845 in
992 777 1215 846 invocatione
1370 776 1504 846 Harum
1520 801 1702 848 causarum
1719 778 1930 867 cogitatione
1945 799 2010 846 nos
2025 776 2064 844 in
2086 777 2227 844 omnibns

229 897 264 954 et
278 882 469 972 gratiarum
482 877 632 951 actione.
682 875 764 947 Non
786 877 862 947 sine
878 877 1159 948 consideratione
1181 889 1217 946 et
1266 878 1444 948 aerumnis
1461 879 1695 948 consolemur.
1748 877 1912 948 Vetustas
1930 873 1995 946 bac
2012 900 2076 947 usa
2090 889 2139 946 est
2150 875 2229 944 simi-

229 981 463 1052 admiratione
485 993 742 1071 praetereamus
774 973 843 1048 boc
876 1002 965 1070 opus
998 977 1086 1064 Dei,
1120 980 1216 1072 quod
1265 980 1433 1048 litudine:
1460 993 1499 1048 ut
1514 979 1676 1050 surculus
1693 995 1818 1050 trunco
1835 977 2139 1061 insitusvivit,ite
2153 1000 2230 1044 mas·

230 1097 364 1157 caetera
382 1081 502 1151 divina
518 1103 624 1172 opera
640 1080 760 1148 omnia
774 1081 879 1168 longe
895 1094 1053 1172 superat,
1080 1075 1215 1173 etquod
1267 1103 1340 1149 sam
1357 1095 1498 1150 nostrae
1513 1095 1659 1150 craturae
1673 1081 1815 1150 insitam
1830 1093 1976 1150 naturae
1989 1079 2127 1148 divinae
2141 1077 2232 1146 deleri

232 1185 369 1254 illustre
391 1181 633 1253 testimonium
654 1195 706 1252 est
739 1182 930 1250 immensae
955 1179 1216 1251 misericordiae
1268 1205 1341 1250 non
1359 1181 1524 1272 potuisse.
1576 1179 1693 1251 Huius
1719 1205 1784 1250 nos
1806 1181 1940 1250 surculi
1961 1180 2053 1250 rami
2073 1203 2143 1248 esse
2161 1179 2233 1246 scia·

231 1285 301 1356 Dei
325 1299 358 1355 et
379 1285 509 1354 amoris
532 1305 612 1371 erga
634 1305 711 1356 nos.
763 1280 817 1353 Sit
841 1282 949 1370 igitur
973 1281 1216 1351 incausatum
1267 1305 1363 1368 mus,
1389 1295 1602 1362 statuamus,
1638 1305 1719 1351 vere
1740 1305 1963 1375 nosquoque
1985 1279 2114 1370 gestari
2136 1303 2155 1348 a
2176 1279 2234 1346 lilio

232 1385 442 1474 cogitatione
460 1379 546 1453 haec
561 1377 696 1478 prima.
748 1379 880 1451 Natura
899 1377 1051 1451 humana
1072 1395 1149 1474 post
1165 1382 1217 1450 la·
1268 1371 1354 1462 Dei,
1383 1377 1477 1450 hanc
1502 1383 1779 1452 consolationem
1801 1384 1951 1452 sciamus
1976 1405 2097 1451 veram
2122 1402 2188 1448 esse
2209 1393 2236 1448 et

230 1511 333 1579 psum
354 1485 550 1577 primorum
568 1497 751 1574 parentum
766 1483 906 1573 penitus
927 1483 1132 1566 interiisset,
1157 1505 1218 1550 seu
1268 1485 1336 1551 lide
1350 1485 1648 1574 amplectendam,
1675 1498 1709 1554 et
1723 1483 1863 1552 fortiter
1879 1505 2115 1574 repugnemus
2130 1482 2236 1548 diabo-

232 1591 271 1658 in
293 1583 448 1654 nihilum
472 1587 611 1653 redacta
634 1596 742 1668 esset,
768 1583 838 1650 nisi
853 1587 1031 1654 decretum
1047 1596 1153 1666 esset,
1179 1597 1219 1652 ut
1270 1586 1384 1653 lorum
1409 1596 1444 1654 et
1465 1579 1651 1652 hominum
1675 1585 1875 1668 furoribus,
1900 1585 1961 1676 qrri
1983 1584 2119 1666 Deum,
2143 1581 2236 1650 lilium

230 1689 325 1760 filius
341 1685 409 1758 Dei
425 1688 609 1776 adsumpta
631 1707 742 1752 massa
756 1685 869 1753 nostri
884 1685 1021 1774 generis
1036 1695 1219 1774 cognatam
1269 1682 1358 1764 Dei,
1392 1681 1646 1772 Evangelium,
1677 1681 1872 1756 Ecclesiam
1905 1685 2088 1768 derident,
2127 1695 2161 1752 et
2187 1677 2237 1750 bas

231 1801 395 1860 naturam
412 1799 622 1856 sustentaret
637 1797 670 1852 et
685 1799 848 1858 servaret.
907 1784 1220 1854 Hocsoedereno-
1270 1785 1525 1855 consolationes
1546 1787 1705 1854 fabulosa
1733 1791 1892 1876 poemata
1915 1807 1988 1854 esse
2025 1786 2163 1866 dicunt,
2190 1782 2239 1874 qni

232 1893 370 1962 biscum
385 1889 477 1956 lacto
492 1909 576 1970 nos,
597 1899 635 1954 ut
652 1885 700 1956 ita
716 1884 849 1970 dicam,
866 1899 975 1974 gestat
991 1901 1159 1978 tanquam
1177 1887 1219 1953 de
1271 1886 1406 1956 etiamsi
1426 1886 1504 1954 tolli
1520 1909 1663 1975 prorsus
1688 1911 1762 1955 non
1781 1900 1947 1975 possunt,
1973 1899 2093 1955 tamen
2117 1908 2176 1952 nos
2195 1908 2239 1950 re-

233 2015 296 2062 sua
314 1989 447 2060 cervice
464 1990 666 2078 pendentes.
709 1983 816 2055 Hrrnc
832 1999 1044 2056 servatorem
1058 1987 1220 2055 nominat
1270 2002 1364 2057 ctum
1390 2000 1440 2054 est
1455 1989 1498 2054 de
1514 1985 1590 2056 Deo
1609 2012 1688 2056 vera
1708 1987 1911 2056 testimonia
1926 1987 2063 2070 dicere,
2089 1999 2123 2056 ει
2146 1985 2239 2053 lilium

234 2091 340 2163 Iacob
353 2085 484 2172 Silere,
509 2089 545 2156 id
562 2101 613 2157 εει
634 2089 766 2156 loetum
789 2087 954 2175 virginis,
978 2087 1039 2180 qui
1064 2099 1219 2156 nostram
1273 2087 1338 2159 Dei
1355 2102 1555 2157 reverenter
1570 2089 1753 2176 amplecti,
1780 2101 1819 2157 ut
1833 2087 1994 2156 Psalmns
2014 2089 2132 2156 iubet:
2156 2109 2240 2152 osca-

233 2193 393 2282 fragilem
417 2190 620 2280 pelliculam
639 2189 852 2278 adsumpsit,
878 2201 911 2258 et
932 2190 1044 2258 factus
1068 2201 1119 2257 est
1146 2188 1220 2279 ipse
1270 2189 1395 2260 lamini
1427 2189 1550 2262 lilium.
1613 2186 1848 2280 Experiemur
1881 2189 2005 2272 etiarn,
2032 2211 2152 2257 veram
2182 2208 2240 2253 esse

232 2279 453 2363 horribiliter
466 2302 609 2359 cruenta
627 2289 811 2378 pellicula,
837 2302 1003 2380 tanquam
1016 2283 1168 2384 χορίον,
1187 2303 1220 2357 ει
1271 2290 1382 2382 ἰρείυε
1398 2314 1537 2358 vocem:
1558 2315 1662 2359 nemo
1677 2292 1790 2382 rapiet
1806 2315 1889 2359 oves
1912 2313 2006 2359 meas
2032 2314 2075 2358 ex
2097 2289 2241 2357 manibus

234 2391 309 2464 hocv
325 2415 407 2468 satae
431 2414 561 2460 massae
572 2383 707 2486 χορίον
721 2413 883 2474 servans,
905 2413 971 2459 nos
988 2385 1072 2460 huie
1097 2385 1220 2460 chorio
1270 2391 1369 2464 meis.

235 2495 417 2564 involutos
433 2505 557 2561 servat.
1374 2489 1482 2560 Hunc
1500 2491 1609 2579 igitur
1624 2485 1843 2578 liliumDei,
1874 2487 2073 2560 Dominum
2102 2500 2240 2556 nostrum

336 2586 506 2662 Secunda
530 2615 644 2686 causa.
692 2589 783 2662 Cum
806 2589 958 2661 iustitiae
972 2586 1039 2662 Dei
1063 2590 1222 2661 satisfieri
1273 2591 1387 2664 lesum
1404 2588 1603 2674 Christum,
1629 2615 1789 2674 oramus,
1815 2592 1990 2676 satiarint,
2018 2605 2111 2662 utet
2129 2585 2242 2658 hicce·
2319 2601 2320 2612 ¹

236 2707 414 2786 oporteret
436 2694 675 2784 persolutione
698 2716 850 2782 poenae,
884 2693 1116 2780 congruebat,
1143 2716 1221 2762 cum
1273 2695 1374 2762 niens
1390 2718 1504 2762 anctus
1523 2693 1568 2760 sit
1585 2693 1719 2759 faustus
1741 2705 1774 2760 et
1788 2691 1894 2760 soelix
1912 2690 2110 2772 Ecclesiae,
2137 2687 2242 2758 studiis

236 2820 347 2889 genus
363 2790 558 2864 humanum
581 2793 801 2884 deliquisset,
826 2805 866 2862 ut
882 2793 1011 2884 aliquis
1034 2791 1072 2860 in
1098 2816 1223 2881 genere
1273 2795 1473 2879 doctrinae,
1494 2809 1527 2862 et
1545 2789 1903 2884 hospitiisEcclesiae.
1957 2791 2015 2862 Tu
2032 2806 2184 2862 nostram
2198 2790 2243 2854 in-

237 2893 395 2968 humano
420 2919 568 2985 poenam
592 2895 789 2976 sustineret.
850 2887 898 2962 At
922 2917 986 2960 nec
1014 2916 1088 2962 esse
1115 2889 1223 2962 homo
1273 2897 1473 2964 firmitatem
1492 2893 1623 2978 cernis,
1647 2893 1697 2960 lili
1717 2890 1802 2976 Dei,
1828 2891 1984 2962 Domine
2009 2891 2090 2964 lesu
2115 2887 2243 2965 Christe,

237 3009 387 3090 poterat,
402 2995 472 3064 nisi
488 2995 583 3062 lilius
599 3009 803 3064 coaeternus
816 2993 908 3083 patri
925 2995 1122 3063 adsumeret
1132 2989 1223 3063 hanc
1276 2999 1434 3066 involute
1462 2991 1584 3064 chorin
1601 3009 1741 3062 nostrae
1764 3009 1920 3064 naturae.
1973 2993 2026 3064 Te
2041 3016 2197 3074 oramus,
2213 3001 2244 3056 ut

237 3121 397 3169 massam.
447 3092 543 3185 Ergo
559 3091 616 3164 hic
631 3097 831 3184 redemptor
846 3095 944 3164 Deus
961 3107 997 3164 et
1012 3089 1119 3164 homo
1135 3107 1197 3166 est.
1274 3121 1339 3168 nos
1364 3111 1508 3190 propter
1531 3111 1626 3166 tuam
1651 3095 1800 3184 gloriam
1829 3099 1972 3179 doceas,
1999 3119 2122 3185 regas,
2145 3105 2244 3185 prote·

339 3191 468 3266 Tertia
484 3209 664 3266 causaest.
717 3193 787 3264 Hie
812 3197 1016 3287 redemptor
1038 3209 1089 3265 est
1110 3219 1224 3266 sacer·
1274 3221 1331 3296 gas
1352 3213 1385 3268 et
1407 3221 1523 3267 serves
1547 3197 1586 3263 in
1610 3210 1681 3265 tota
1707 3197 1930 3282 aeternitate,
1958 3195 2005 3265 sis
2026 3195 2198 3276 innubis,
2219 3203 2245 3258 et

239 3302 320 3382 dos,
346 3299 444 3390 quod
459 3299 503 3366 ad
519 3297 585 3365 tria
601 3296 714 3365 officia
728 3295 870 3381 attinet,
895 3297 940 3366 ad
956 3297 1224 3386 patefactionem
1258 3302 1436 3370 ostendas
1453 3313 1486 3366 te
1508 3299 1545 3365 in
1569 3297 1671 3366 nobis
1691 3319 1782 3382 csse,
1808 3311 1850 3368 ut
1863 3300 1981 3390 plures
1996 3311 2028 3367 te
2046 3310 2141 3367 recte
2155 3315 2244 3384 agno-

238 3395 445 3486 Evangelii,
470 3400 513 3466 ad
531 3400 790 3487 deprecandum
813 3421 877 3488 pro
900 3399 1024 3481 nobis,
1046 3401 1147 3468 etad
1170 3422 1225 3467 sa·
1274 3415 1372 3472 scant
1389 3415 1422 3469 et
1435 3400 1501 3469 tibi
1516 3399 1695 3469 obediant.

240 3500 410 3572 crificium
442 3521 506 3588 pro
542 3498 645 3566 nobis
675 3497 908 3571 offerendum.
968 3495 1075 3568 Nulla
1108 3513 1224 3569 autem
1375 3499 1425 3572 Ut
1438 3514 1554 3570 autem
1577 3497 1786 3588 significatio
1810 3497 2027 3566 reverentiae
2051 3520 2133 3586 erga
2157 3493 2245 3564 miul-

240 3592 397 3672 creatura
412 3611 526 3690 potest
541 3598 678 3686 ingredi
695 3599 734 3666 in
750 3597 919 3669 Sanctum
940 3611 1162 3684 sanctorum,
1188 3600 1224 3667 id
1274 3602 1418 3672 sterium
1445 3599 1653 3688 Evangelii,
1689 3623 1751 3689 per
1779 3599 1875 3692 quod
1907 3599 2002 3668 filius
2028 3595 2098 3666 Dei
2132 3595 2245 3682 colligit

241 3714 311 3783 est,
333 3701 452 3769 videre
467 3723 592 3768 arcana
609 3699 755 3768 consilia
770 3697 856 3784 Dei,
881 3701 942 3768 sed
957 3699 1069 3783 filius,
1096 3701 1226 3794 quiest
1275 3716 1451 3773 aeternam
1483 3699 1697 3782 Ecclesiam,
1729 3699 1880 3789 exempli
1909 3723 2010 3768 causa
2045 3701 2246 3774 ostendatur,
2294 3769 2301 3792 ,

241 3795 349 3898 λόγος
364 3799 497 3870 aeterni
514 3801 642 3890 patris,
665 3801 797 3889 profert
811 3795 877 3870 hoc
892 3800 1083 3874 decretum.
1114 3799 1226 3870 Dein·
1275 3803 1509 3896 praecipimus
1526 3815 1566 3871 ut
1581 3801 1711 3888 singuli
1727 3799 1890 3889 Magistri
1906 3814 1939 3868 et
1954 3796 2164 3871 scholastici
2182 3819 2245 3865 mu-

241 3902 574 3974 denullacreatura
592 3901 705 3969 cernit
724 3903 829 3969 corda
851 3900 1063 3990 petentium,
1089 3925 1227 3970 necar—
1274 3929 1359 3974 nera
1381 3907 1426 3974 ad
1449 3927 1545 3972 aram
1569 3903 1740 3971 adierant.
1802 3898 1975 3981 Infesta,
2010 3926 2083 3995 quo
2109 3895 2246 3970 Ecclesia

242 4027 365 4074 canam
386 4002 603 4072 voluntatem
628 4001 762 4072 aeterni
785 4003 906 4091 patris.
963 3999 1035 4070 Nec
1055 4003 1226 4071 sustinere
1275 4003 1343 4074 Dei
1365 4005 1404 4073 in
1432 4005 1530 4073 coelo
1557 4017 1590 4073 et
1612 4004 1648 4070 in
1674 4017 1788 4084 terra,
1811 4001 1887 4072 Deo
1915 4016 1949 4072 et
1970 4003 2120 4070 domino
2142 4011 2245 4068 nostro

242 4104 332 4174 iram
357 4103 395 4172 in
414 4101 584 4170 sacrificio
608 4102 681 4172 ulla
701 4115 1021 4192 creaturapoterat.
1072 4099 1137 4172 Est
1160 4103 1226 4190 igi·
1277 4105 1355 4176 lesu
1370 4101 1513 4175 Christo
1538 4105 1664 4193 gratias
1682 4103 1754 4191 agit
1774 4104 1817 4170 de
1832 4103 1996 4172 nrirando
2014 4104 2156 4172 loedere
2170 4097 2245 4168 diri-

243 4219 301 4276 tur
322 4197 382 4272 hic
402 4204 562 4272 sacerdos
579 4215 615 4273 et
631 4201 809 4271 Mediator
825 4201 921 4272 Deus
936 4215 969 4271 et
986 4196 1112 4286 bomo,
1138 4203 1227 4272 sicut
1276 4231 1342 4278 nae
1360 4219 1395 4278 et
1408 4202 1584 4276 humanae
1602 4219 1748 4274 naturae
1764 4204 1802 4271 in
1818 4203 1902 4272 filio.
1952 4201 2062 4274 Anno
2084 4199 2187 4279 1555.

243 4303 452 4374 etPsalmus
474 4303 606 4394 inquit:
658 4301 717 4372 Tu
740 4327 776 4397 es
796 4305 956 4372 sacerdos
977 4301 1016 4370 in
1035 4315 1225 4376 aeternum.

242 4403 291 4476 Et
308 4404 453 4495 epistola
470 4406 512 4472 ad
528 4399 685 4472 Ebraeos
701 4403 835 4496 inquit:
859 4403 932 4474 Lex
953 4403 1138 4474 constituit
1160 4399 1226 4473 ho-
1280 4423 2245 4446 -·-·····-·---·---·-··-·--·---··-··-⁴

243 4505 357 4576 mines
404 4506 617 4588 sacerdotes,
668 4525 783 4574 sermo
829 4518 948 4575 autem
995 4503 1226 4574 iurisiurandi

241 4607 366 4678 filium.
1276 4568 1472 4646 N⁰·5289·
2096 4573 2244 4644 eoum.
2319 4567 2320 4600 ¹

1283 4664 1455 4698 W
1728 4667 1731 4680 '
2090 4663 2242 4696 w

344 4697 493 4799 Quarta
521 4727 643 4784 causa,
676 4717 716 4774 ut
739 4703 787 4774 sit
813 4705 1035 4798 aequivalens
1070 4705 1226 4798 precium

246 4806 302 4878 hic
317 4804 497 4876 Mediator
510 4801 607 4874 Deus
621 4818 655 4876 et
669 4800 788 4876 bomo.

1591 4745 1659 4836 Io.
1688 4745 1942 4850 Praetorio,

347 4900 491 5002 Quinta
508 4929 621 4974 carisa.
671 4904 753 4976 Non
769 4903 852 4974 satis
871 4919 944 4974 erat
958 4905 1047 4996 pati,
1072 4907 1132 4976 sed
1148 4930 1227 4974 cum
1380 4905 1529 4984 Epirotis.
1547 4909 1583 4963 V·
1601 4924 1629 4979 t·
1649 4904 1701 4961 1⁴⁶
1717 4925 1758 4978 ἰ·

246 5022 398 5078 servaret
420 5031 529 5096 genus
550 5003 762 5090 humanum,
788 5007 900 5074 victor
915 5021 966 5076 est
981 5007 1105 5076 mortis
1122 5021 1156 5076 et
1172 5007 1228 5074 in-

247 5122 422 5180 staurator
440 5107 597 5176 iusticiae
615 5120 649 5176 et
666 5107 757 5176 vitae
771 5119 949 5190 aeternae,
976 5107 1066 5177 sicut
1081 5107 1155 5197 ipse
1172 5109 1229 5174 in-

247 5209 340 5303 quit:
366 5207 495 5278 Venite
510 5210 554 5276 ad
569 5231 624 5276 me
638 5229 770 5290 omnes,
787 5205 849 5297 qui
864 5206 1031 5277 laboratis
1045 5219 1079 5278 et
1093 5209 1229 5278 onerati

246 5309 346 5388 estis,
372 5321 406 5378 et
427 5331 489 5397 ego
513 5309 665 5378 reficiam
682 5329 754 5380 vos.
803 5304 874 5374 Hic
888 5307 996 5396 igitur
1012 5307 1174 5378 Salvator
1196 5324 1229 5380 et
1278 5291 1330 5382 S·
1354 5307 1399 5381 D.
1458 5304 1668 5375 Venerande
1709 5307 1785 5388 vir,
1824 5319 1859 5378 et
1900 5302 2105 5376 charissime
2141 5305 2238 5373 frater.

223 5405 344 5480 ¹Dens
367 5405 532 5490 ethome
555 5423 614 5478 εει.
672 5405 725 5478 Αε
748 5422 917 5500 perpetuo
937 5412 1032 5479 adest
1055 5405 1228 5480 Ecclesiae
1279 5407 1472 5480 Vobiscum
1505 5431 1568 5476 oro
1598 5406 1730 5476 Filium
1757 5407 1840 5492 Dei,
1873 5405 2069 5478 Dominum
2100 5418 2237 5476 nostran

1296 5052 1516 5131 Iohanni
1545 5051 1797 5228 Praetorrl'o
1828 5053 2105 5254 §consideraturi
2127 5048 2222 5132 Vra-

1702 5157 1750 5227 lt's
1769 5183 1825 5232 av.
