4624 6216
240 319 316 392 825
836 315 1273 400 EPISTOLARUM
1334 315 1441 396 [ΑΒ.
1466 316 1549 396 xlt.
1578 318 1710 400 1⁵51.
2163 323 2209 397 111
2265 229 2267 262 *

234 489 368 588 probo.
419 487 507 578 Legi
521 511 648 580 nempe
665 490 838 584 quaedam
854 503 914 561 tua
928 490 1069 581 scripta.
1112 487 1238 560 Habeo
1290 487 1401 578 pietas
1431 488 1615 581 praecipue
1643 490 1711 561 tibi
1734 503 1769 561 et
1787 491 1859 560 tuis
1878 489 1996 560 levare
2015 491 2121 574 debet,
2144 517 2214 586 quan

242 593 350 662 etiam
373 591 542 680 gratiam,
574 593 670 683 quod
692 591 835 662 edidisti
849 587 892 662 τὸ
909 585 1140 690 σύγγραμμα
1156 585 1239 686 περὶ
1290 613 1369 658 curn
1385 591 1472 660 etin
1490 591 1561 664 vita
1576 605 1611 662 et
1627 592 1663 660 in
1683 615 1794 682 agone
1809 591 2052 672 declaraverit,
2074 595 2216 662 nanduli·
2267 581 2268 634 t

242 685 501 776 δικαιοσύνας,
540 691 710 781 scriptum
736 717 757 762 a
784 693 861 762 viro
888 695 992 763 docto
1018 707 1053 764 et
1078 693 1176 782 gravi
1202 694 1237 766 d.
1290 703 1498 762 temuseum
1515 693 1789 778 intercessae,
1819 693 2216 786 dequibusscriptunett:

243 789 398 889 Arpino-
448 783 639 862 Osiooder
660 808 753 864 recte
767 790 804 888 *)
829 795 984 865 eruditas
1001 818 1057 864 res
1072 817 1165 863 nova
1179 817 1237 864 so-
1287 785 1404 860 Beata·
1423 791 1561 861 morlai
1583 791 1652 891 qni
1672 792 1712 862 in
1734 789 1903 864 Domino
1923 791 2126 868 moriuntur.
2172 792 2217 862 Nes

242 891 392 988 phistica
415 897 622 977 conturbat,
648 897 692 964 de
714 920 782 990 qua
800 897 950 965 scribam
968 897 1159 990 aliquando
1177 918 1237 965 co·
1291 892 1355 982 ipsi
1378 893 1515 963 labores
1533 897 1733 964 studiorum
1753 895 1955 989 perierunt,
1981 919 2056 964 cum
2079 918 2110 964 se
2128 889 2218 964 adhoc

243 995 390 1088 piosius,
425 993 499 1064 Nos
514 996 759 1086 repetitionem
778 998 1008 1067 consessionis
1024 997 1237 1088 scripsimus,
1290 993 1356 1062 iter
1378 1008 1471 1064 recte
1490 995 1770 1088 praeparaverit,
1797 996 1948 1086 gestiens
1968 995 2068 1066 etiam
2084 1019 2150 1064 cnm
2163 995 2221 1062 reci·
2269 1004 2270 1094 1

243 1092 478 1168 exhibendam
498 1099 652 1190 synodo,
686 1098 715 1166 si
737 1099 823 1189 quid
840 1099 1067 1186 flagitabitur.
1118 1095 1167 1166 Et
1180 1098 1237 1164 in·
1289 1108 1377 1163 taret
1406 1096 1601 1165 moriturus
1630 1090 1716 1166 haec
1742 1099 1868 1182 verba,
1907 1092 2029 1193 (prtem
2054 1091 2223 1164 constituisti

243 1208 432 1290 sperarunt
452 1199 523 1265 iam
548 1199 653 1269 multi
677 1199 772 1268 docti
797 1211 832 1268 et
855 1200 941 1268 boni
965 1201 1044 1272 viri.
1094 1196 1236 1290 Curabo
1287 1189 1442 1288 μεσίτην
1472 1192 1537 1267 καὶ
1570 1193 1710 1292 latera)
1746 1195 1893 1270 Utinam
1926 1197 2058 1266 viventi
2086 1196 2224 1285 gratificari
2269 1183 2270 1200 ¹

242 1312 285 1370 ut
306 1311 345 1368 tu
369 1321 511 1392 quoque
534 1292 665 1369 habeas
685 1300 894 1390 exemplum.
950 1299 1056 1371 Nunc
1078 1313 1112 1369 te
1133 1299 1237 1367 valde
1288 1297 1367 1364 aliis
1393 1297 1518 1366 osliciis
1540 1299 1742 1388 potuissem.
1799 1295 1904 1368 Nunc
1925 1293 2227 1370 haectristiaolida

242 1423 325 1486 oro,
366 1412 407 1469 ut
433 1395 518 1469 huic
544 1401 759 1470 adolescenti
785 1399 1029 1490 Fribergensi‚
1066 1393 1238 1470 Iohanni
1288 1411 1436 1489 praesto.
1485 1396 1583 1470 Bene
1600 1400 1689 1474 vale.
1735 1398 1803 1470 Die
1818 1397 2063 1470 Bartolemaei.

242 1496 400 1584 Slamm‚
425 1513 573 1588 cognato
590 1501 745 1572 doctoris
766 1497 940 1584 Welleri,
966 1526 1091 1595 queras
1105 1524 1236 1571 munus

243 1598 490 1672 scholasticum
507 1601 563 1670 vel
578 1605 671 1693 apud
688 1625 750 1670 vos
765 1603 821 1670 vel
837 1603 934 1678 alibi.
966 1601 1083 1674 Possit
1097 1597 1236 1673 honesti
1291 1599 2228 1638 ...-....*......................-............-..-

244 1703 332 1772 civis
348 1703 479 1772 liberos
495 1704 649 1775 erudire.
700 1701 793 1792 Ages
809 1705 854 1772 de
871 1728 912 1774 eo
929 1719 963 1775 et
980 1729 1058 1774 cum
1077 1705 1154 1773 viro
1171 1705 1235 1772 do-

243 1803 418 1886 ctissimo,
450 1802 513 1896 qui
535 1805 636 1873 docet
657 1803 696 1872 in
719 1805 807 1874 urhe
823 1818 935 1874 vestra
952 1805 1235 1884 adolescentiam,
1291 1763 1501 1894 Q
2098 1767 2227 1891 Q

244 1917 380 1974 etcum
401 1901 642 1996 typographis.
694 1903 747 1976 Ita
769 1905 836 1975 tihi
853 1930 933 1975 eum
950 1908 1177 1990 commendo,
1202 1917 1236 1974 el
1607 1947 1641 2032 Ι
1828 1949 1855 2032 h
1917 1951 1926 1971 .

243 2019 382 2075 meoet
412 1999 580 2076 Wellm'
600 2006 762 2090 nomine,
797 2031 901 2098 qnem
925 2007 991 2075 scis
1017 2030 1090 2076 esse
1117 2007 1233 2076 virum
1637 1978 1676 2033 ⁰⁸
1703 1951 1829 2036 Mau
1860 1977 1963 2036 ΜΟ·

242 2105 532 2194 integerrimum,
568 2120 610 2176 ut
635 2107 784 2175 maxime
804 2131 920 2193 orem,
953 2131 998 2176 ne
1021 2107 1234 2178 adolescenti
1357 2107 2142 2183 5111111511·ΝΜ·181·ῑῡῦ1·111>·11·ερ·57.1ι

1489 2262 1544 2342 D.
1570 2259 1787 2338 Iohanni
1808 2259 2081 2338 Mollltest'o

756 2403 945 2502 Philippus
961 2405 1198 2514 Melanthum
1289 2397 1337 2484 S.
1361 2408 1406 2482 D.
1459 2410 1668 2484 Reverende
1689 2413 1746 2482 vir
1767 2427 1802 2484 et
1823 2409 2027 2484 charissime
2049 2415 2166 2498 frater,
2191 2411 2237 2482 ln·
2273 2402 2274 2466 1

1290 2515 1418 2604 pendet
1434 2513 1549 2583 fatalis
1564 2515 1711 2584 mutatio
1729 2515 1896 2585 omnibus
1911 2517 2095 2604 gentihus,
2120 2513 2237 2585 etiamir
2273 2529 2274 2550 ³

1298 2607 1514 2684 Walocltia
1537 2628 1652 2686 motus
1675 2616 1784 2684 exorti
1804 2631 1887 2686 sont
1904 2633 2050 2705 propter
2065 2618 2238 2706 religionen.

244 2759 429 2836 ppo-4942
1290 2715 1470 2784 Hactenus
1504 2715 1597 2784 euim
1631 2729 1665 2784 et
1692 2715 1873 2785 Praesides
1906 2711 2178 2788 Walaclroram
2202 2737 2239 2784 seu

251 2855 423 2886 Μ

243 2205 428 2294 ingenioso
451 2221 486 2276 et
506 2209 596 2276 bene
618 2222 755 2278 morato
772 2208 882 2282 desis,
925 2205 1023 2277 Bene
1037 2210 1127 2280 vale.
1176 2209 1235 2278 die

244 2306 306 2381 20.
321 2301 472 2396 Augusti
495 2303 604 2380 1551.

1060 2771 1230 2888 Q
1291 2815 1491 2905 Principes,
1524 2831 1558 2886 et
1586 2817 1653 2907 ipsi
1686 2811 1878 2886 {lietardi
1905 2821 2129 2889 retinuerunt
2148 2839 2239 2886 nomen
2274 2849 2275 2904 3

586 2945 670 3030 Nic
699 2944 881 3031 Clam-0
1291 2908 1564 2986 Christianum:
1600 2941 1850 2992 rrnncrecens,
1885 2919 1914 2986 is
1932 2921 1992 3010 qui
2012 2921 2240 3010 praesrtit,sre·
2274 2915 2275 2924 ἶ

672 3009 681 3030 '
885 3006 896 3028 ⁶
1291 3018 1397 3086 lerale
1427 3019 1561 3088 abiecta
1587 3019 1802 3110 professione
1826 3008 2071 3106 Christiano,
2104 3021 2242 3112 amplexu

1291 3132 1341 3188 cst
1354 3112 1648 3188 Moltomelt'cam
1666 3120 1890 3208 impietatem,
1917 3135 1950 3190 et
1962 3123 2078 3192 edicta
2093 3119 2242 3214 proposuit,
2275 3100 2276 3184 l

245 3253 300 3326 D.
326 3216 531 3330 Nic'olao
559 3247 777 3345 clausio,
803 3249 963 3329 Consab-
976 3255 1228 3334 Frankmhus
1293 3220 1328 3286 in
1348 3219 1477 3312 quibus
1497 3221 1665 3310 populum
1684 3221 1782 3289 iubet
1805 3222 2057 3306 imitarisuum
2076 3223 2242 3312 exemplum
2273 3277 2276 3318 4

1228 3319 1237 3340 ’
1292 3319 1418 3388 Factus
1429 3335 1479 3389 est
1494 3323 1600 3409 igitur
1613 3322 1764 3411 impetus
1780 3321 1817 3390 in
1834 3347 1912 3392 eum
1931 3347 2109 3394 consensu
2123 3322 2242 3392 omniun

247 3393 295 3480 S·
329 3403 374 3480 D.
438 3405 694 3478 Honestissima
728 3408 785 3476 vir
818 3421 852 3478 et
885 3411 996 3480 amice
1024 3407 1238 3496 charissime,
1292 3417 1492 3502 ordinum,
1525 3437 1558 3492 et
1582 3417 1856 3511 comprehensus
1877 3439 2023 3494 arcuatus
2049 3425 2242 3495 etinlluroen

246 3509 392 3580 Utinam
412 3533 477 3598 pro
500 3509 570 3580 tuis
592 3509 704 3579 literis
719 3509 958 3580 amantissime
972 3512 1129 3603 scriptis,
1155 3517 1238 3586 mit·
1291 3523 1446 3590 abiectus
1469 3537 1529 3591 est.
1578 3521 1703 3590 Postea
1729 3517 1919 3592 Wolachi
1940 3527 1983 3592 ad
2012 3523 2144 3615 Regem
2166 3517 2243 3592 Poto

246 3623 320 3680 tere
336 3604 531 3700 Epistolam
555 3624 761 3699 argumento
779 3633 852 3678 uon
867 3613 958 3680 tristi
975 3615 1140 3702 scriptam
1157 3641 1239 3707 pos-
1291 3620 1410 3690 nicnm
1433 3623 1622 3706 miserunt,
1657 3637 1691 3692 et
1714 3647 1793 3692 cum
1813 3649 1854 3694 eo
1874 3621 2072 3696 etMosct's
2090 3625 2115 3721 ¹)
2135 3625 2243 3695 societa-

247 3733 331 3782 sem.
383 3707 452 3779 Sed
476 3711 570 3779 nosti
587 3725 620 3781 et
641 3705 877 3780 humanarum
897 3737 1016 3784 rerum
1033 3715 1238 3787 inconstan-
1291 3737 1359 3792 tem
1376 3724 1544 3809 serenant,
1570 3737 1605 3794 et
1618 3719 1815 3792 Tetricam
1830 3725 2081 3819 Tyrannidem
2094 3725 2244 3797 excutiant

247 3809 356 3888 tiam,
388 3822 423 3878 et
438 3833 504 3879 nos
521 3810 695 3880 voluntati
712 3807 779 3880 Dei
795 3836 915 3898 parere
935 3829 1108 3904 oportere.
1162 3815 1237 3887 Au·
1291 3822 1402 3893 Deum
1428 3847 1585 3904 oremus,
1616 3839 1652 3894 ut
1679 3825 1810 3916 ubique
1830 3823 2026 3896 Ecclesiam
2051 3830 2119 3896 sibi
2142 3827 2244 3910 colligat

247 3911 324 3979 dies
348 3907 456 3996 igitur
478 3909 617 3978 fatalem
644 3933 761 3980 casum
787 3911 870 3980 Filii
895 3913 1013 3985 sratris
1040 3919 1091 3986 tui
1114 3915 1240 3988 Ulrict‘
1290 3937 1323 3992 et
1345 3939 1510 4014 protegat.
1563 3923 1759 3994 Hacnocte
1781 3927 2245 4018 qrtinquedomusinsnlur·

247 4011 387 4080 minore
401 4009 510 4078 animi
527 4011 801 4101 perturbatione.
835 4011 930 4082 Dum
945 4011 1237 4108 Ulrt'cusaegro-
1293 4027 1349 4094 bio
1378 4041 1497 4094 nostro
1516 4027 1778 4114 conflagrarunt
1795 4023 1835 4120 ²).
1886 4026 1974 4096 lleri
2000 4030 2122 4098 literas
2143 4053 2159 4096 a
2180 4028 2245 4098 Dure

248 4125 327 4182 tans
345 4111 429 4180 iude
447 4133 558 4204 usque
578 4133 598 4180 a
616 4136 718 4194 vere,
742 4137 816 4182 non
839 4115 916 4182 vult
930 4117 1128 4210 relinquere
1145 4117 1237 4192 hanc
1290 4119 1464 4196 Prassiae
1476 4127 1681 4215 accepimus,
1707 4128 1745 4194 in
1762 4129 1890 4219 quihus
1904 4131 2027 4198 scribit
2042 4153 2081 4200 se
2095 4131 2243 4198 missum

247 4208 496 4296 Academiam,
534 4237 614 4282 cum
640 4213 783 4305 quidem
807 4212 969 4283 Medicus
991 4219 1046 4287 vir
1068 4219 1181 4290 fidelis
1203 4237 1238 4293 et
1289 4251 1361 4297 esse
1385 4228 1488 4294 nohis
1511 4228 1763 4316 disputationes
1785 4253 1928 4298 suorum
1949 4230 2167 4300 iudicandas.
2205 4224 2243 4294 gt

247 4315 406 4404 prudens
418 4312 540 4382 fuisset
555 4307 726 4393 hortator,
742 4330 782 4388 ttt
795 4317 978 4400 secederet,
993 4321 1136 4389 tandem
1153 4323 1236 4392 vicit
1289 4343 1379 4396 teras
1403 4343 1479 4398 tuas
1497 4315 1537 4398 ae
1555 4329 1670 4416 potius
1690 4328 1839 4415 teipsum
1858 4345 2013 4416 expecto.
2067 4329 2162 4402 Bene
2176 4327 2244 4398 etlr

247 4413 365 4482 morbi
380 4412 444 4498 vis,
462 4437 502 4482 ac
516 4411 584 4482 Dei
597 4415 780 4486 voluntate
792 4411 946 4486 Ulcirus
959 4419 996 4487 in
1011 4414 1236 4492 Academiam
1289 4430 1402 4499 liciter
1416 4429 1504 4502 vale.
1553 4425 1620 4498 Die
1638 4427 1699 4500 27.
1714 4423 1865 4520 Augusti
1888 4427 1998 4506 1551.

248 4529 424 4586 aeternam
447 4515 491 4583 ad
513 4513 693 4584 doctorem
710 4513 843 4586 Filium
866 4517 953 4602 Dei,
979 4533 1012 4589 et
1035 4521 1078 4590 ad
1096 4525 1235 4612 agmina

249 4611 388 4684 scholae
412 4615 586 4698 coelestis,
611 4619 791 4686 traductus
814 4631 864 4710 est
880 4611 954 4707 ⁴⁴).
1005 4617 1095 4691 Nam
1117 4623 1155 4690 in
1179 4625 1234 4693 in·
1296 4653 1384 4666 *-

247 4717 430 4788 vocatione
444 4714 528 4786 Filii
543 4712 629 4799 Dei,
653 4731 687 4784 et
704 4717 796 4787 inter
810 4719 890 4788 vota
907 4721 1043 4810 placide
1061 4719 1237 4798 exhalavit

248 4817 416 4892 animam.
478 4813 556 4886 Etsi
581 4831 697 4886 autem
720 4820 891 4888 naturalis
913 4819 1051 4919 στοργὴ
1075 4827 1233 4895 dolorem
1299 4797 1365 4870 ΝΟ·
1387 4797 1499 4868 4944·
2104 4803 2241 4924 Q

248 4917 377 5000 adfert,
403 4930 437 4986 et
455 4913 549 4986 Deus
569 4917 646 4987 vult
664 4941 731 4986 nos
750 4919 925 4989 desiderio
947 4939 1149 4994 nostrorum
1172 4929 1235 4996 arl-
1799 4985 1805 4997 .
1832 4984 1843 5003 .
1906 4983 1916 5003 .

247 5015 320 5084 lici:
358 5029 474 5086 tamen
505 5017 571 5086 scis
594 5013 662 5088 hoe
683 5043 864 5112 quoquea
889 5017 964 5092 Deo
989 5027 1161 5115 praecipi,
1195 5043 1234 5099 nt
1604 4977 1698 5064 Iac·
1728 4979 1953 5066 Mamm·

246 5116 406 5184 dolorem
432 5119 677 5204 moderemur,
711 5145 816 5213 quem
844 5121 987 5215 quidem
1003 5126 1235 5198 adolescentis
1357 5133 1441 5206 Epist·
1456 5133 1502 5191 nt.
1515 5137 1548 5192 11.
1567 5156 1594 5210 p.
1611 5139 1671 5194 tte.
1690 5139 1744 5209 (et.
1759 5140 1843 5198 tono.
1860 5143 1907 5197 tib.
1927 5142 1962 5199 u.
1975 5125 2022 5214 ψ’.
2034 5141 2118 5212 4611·

314 3097 398 3172 Epist.
417 3097 464 3154 lib.
479 3099 511 3155 11.
530 3119 557 3170 p.
571 3101 632 3156 555.
650 3100 705 3168 (ed.
723 3099 812 3157 houd.
832 3099 927 3156 111).11.
945 3119 988 3174 ep.
1002 3103 1080 3174 577),

1300 5243 1498 5258 m

278 5305 308 5372 Ι1)
327 5301 509 5374 Apographon
523 5303 587 5358 mihi
602 5303 715 5359 misnam
727 5305 823 5361 hehet:
841 5317 923 5362 certe.
1321 5317 1349 5377 1)
1372 5315 1540 5370 Moscorilsl

277 5387 321 5454 ”t
347 5386 389 5440 De
412 5387 507 5440 sunere
525 5387 615 5444 Ulrici
634 5389 736 5446 Clausii
757 5391 784 5448 d.
798 5389 841 5448 22
856 5391 928 5464 Aug.
952 5390 1027 5452 1551.
1049 5393 1107 5452 rid·
1128 5391 1234 5470 Scripta
1318 5399 1348 5469 2)
1369 5399 1431 5455 Vid.
1451 5403 1549 5472 Script.
1568 5401 1643 5474 puhl.
1661 5401 1742 5462 Tora.
1759 5405 1779 5460 1.
1797 5424 1822 5476 p.
1835 5403 1893 5461 ³⁶9.
1907 5413 1935 5460 et
1956 5403 2021 5462 ihid.
2039 5405 2153 5478 erliotttnt
2168 5399 2241 5456 W·

310 5456 385 5528 publ.
398 5454 432 5513 ·T.
447 5455 465 5509 Ι.
484 5473 511 5526 p.
523 5455 583 5514 512.
1354 5469 1393 5522 ris
1407 5469 1462 5524 dat.
1475 5489 1569 5526 mense
1581 5475 1652 5544 Aug.
1665 5473 1743 5530 1551.
