4624 6216
95 313 174 394 937
670 305 1108 386 Erts‘robaauu
1162 303 1270 388 ΜΒ.
1292 307 1377 439 Xll.
1429 309 1565 388 tosa.
2069 303 2147 378 988

390 477 447 560 D.
471 474 625 554 Paulo
656 475 804 552 Ebero
1148 477 1285 550 diluvio
1301 482 1464 556 servavit.
1495 477 1561 553 Dat
1574 492 1610 550 ct
1623 503 1691 550 vox
1706 477 1845 550 divina:
1867 471 1983 548 Beati
1996 475 2146 562 mortni,

1147 581 1215 674 qui
1229 579 1269 650 in
1284 577 1452 652 Domino
1464 579 1684 657 moriuntur.
1715 579 1776 653 Sic
1792 579 1901 669 igitur
1913 573 1999 649 hinc
2013 578 2144 648 disces·

1146 681 1192 751 sit
1209 675 1456 754 honestissima
1471 697 1633 755 matrona
1649 683 1806 754 coniunx
1822 694 1894 760 tua,
1921 681 1959 748 in
1976 701 2046 772 qna
2061 701 2142 747 cum

1147 783 1313 852 omnibus
1342 779 1591 876 pulcherrimis
1621 785 1814 854 virtutibus
1843 782 1943 852 fulsit
1968 803 2050 850 vera
2074 777 2142 850 Dei

1146 883 1279 972 agnitio
1304 899 1338 956 et
1360 885 1556 972 invocatio,
1590 886 1723 958 utiam
1748 881 1843 954 haud
1868 883 1977 952 dubie
2001 881 2142 952 fruatur

1145 997 1333 1078 conspectu
1348 983 1437 1070 Dei,
1469 1001 1504 1058 et
1524 987 1727 1059 dulcissima
1749 983 2005 1058 consuetudine
2027 981 2144 1052 coele-

1143 1085 1207 1156 stis
1221 1081 1412 1164 Ecclesiae.
1443 1085 1502 1160 lbi
1515 1112 1596 1174 vos,
1618 1101 1653 1160 et
1667 1087 1770 1167 lilios,
1796 1109 1836 1156 ac
1849 1085 1938 1154 filias
1950 1081 2028 1154 Deo
2042 1107 2140 1154 oom-

1143 1187 1298 1262 mendat.
1351 1187 1498 1262 lntuens
1521 1191 1627 1260 etiarn
1650 1211 1750 1274 suos,
1775 1187 1909 1256 luctum
1932 1207 1996 1254 vos
2017 1183 2140 1253 mode-

1143 1287 1215 1356 rari
1243 1303 1357 1382 optat,
1394 1305 1427 1362 et
1453 1289 1592 1384 placide
1615 1305 1753 1382 tempus
1775 1299 1974 1380 expectare,
2008 1283 2047 1352 in
2067 1307 2139 1378 quo

96 617 148 710 S.
173 631 218 708 D.
269 625 486 704 charissime
507 631 633 718 frater,
665 628 758 704 Cum
780 628 907 722 aspicis
931 625 1094 700 dulcissi-

96 759 194 806 mam
208 733 379 804 familiam
394 746 504 818 tuam,
527 732 696 824 cogitabis
712 747 747 804 et
763 733 874 824 ipsam
889 743 923 802 et
939 723 1095 822 hospitia

96 849 213 908 vestas
235 833 328 906 Filio
353 831 420 904 Dei
442 857 546 904 curae
567 857 662 916 esse,
701 859 742 906 ac
766 832 965 904 studiorum
989 853 1093 900 musa

96 953 190 1010 certe
211 950 295 1030 opto
317 949 475 1008 nostram
490 929 593 1030 Argo
607 935 759 1020 servari,
782 933 927 1028 quaein
944 931 1024 1002 aliis
1039 931 1094 1000 lo-

95 1039 165 1126 cis,
189 1037 309 1134 qualia
323 1038 413 1122 sint,
438 1036 567 1130 scripta
582 1035 777 1108 multorum
793 1037 832 1106 in
845 1035 951 1106 rebus
964 1033 1093 1102 obscu-

94 1139 253 1214 rioribus
274 1139 477 1210 ostenduut.
527 1135 616 1209 Heri
636 1150 777 1210 tuarum
793 1137 974 1208 literarum
988 1133 1093 1204 lasci-

93 1243 217 1314 cnlum
230 1239 358 1332 accepi,
382 1240 420 1310 in
434 1239 566 1333 quibus
579 1237 750 1312 describis
761 1237 954 1308 lectionum
970 1235 1092 1306 distri-

92 1341 302 1430 butionem,
328 1364 415 1436 quas
430 1355 472 1412 ut
488 1337 683 1412 FiliusDei
699 1341 884 1432 gubernet,
909 1351 1006 1428 opto.
1043 1331 1091 1406 Et
1518 1393 1527 1410 .
1579 1393 1589 1410 .
1892 1389 1901 1404 .

94 1443 287 1516 ‘omilium
306 1456 407 1514 mum
431 1457 466 1514 et
486 1439 647 1514 omnium
688 1441 991 1512 iamvoluumem
1031 1461 1090 1507 ro·
1142 1409 1266 1458 rursus
1287 1413 1349 1461 vos
1370 1415 1494 1462 ornnes
1516 1417 1554 1460 in
1577 1392 1639 1464 alla
1664 1405 1807 1462 aeterna
1832 1399 2015 1471 societate,
2042 1385 2139 1472 laeta

92 1547 154 1616 bo·
204 1543 316 1638 Spem
332 1556 450 1614 autem
466 1567 532 1614 nm
548 1541 649 1613 brevi
663 1467 842 1614 {editum
858 1564 942 1612 m
992 1462 1089 1610 speri-
1142 1501 1262 1560 cernet
1284 1504 1318 1562 et
1341 1495 1603 1584 complectetur.
1664 1491 1738 1562 Has
1760 1513 1860 1560 veras
1879 1488 2139 1558 consolationes

3 1705 4 1710 ,
89 1647 149 1719 bit
171 1646 267 1716 enim
288 1635 494 1716 Sleidonus
513 1669 556 1716 ex
577 1637 616 1714 T
615 1635 757 1714 ridente
784 1636 1090 1758 Wirtenbergeq-
1141 1593 1392 1764 ffiffisslffie
1399 1616 1493 1772 1322]
1485 1595 1752 1766 ffigukfflp
1752 1589 2140 1762 'gcsslfflfgffiquss

3 1793 5 1832 ³
89 1771 152 1819 ἰ’
171 1749 302 1836 legam
325 1746 425 1817 brevi
440 1770 480 1816 ²¹
496 1743 643 1840 Syn⁰d⁰
660 1747 874 1816 dl³⁶²⁸⁸ur⁰⁸
889 1767 981 1828 ‘⁵⁸⁰’
1006 1765 1111 1850 qum·
1141 1805 1217 1862 toto
1239 1808 1479 1885 pertemere,
1507 1809 1549 1866 ut
1565 1797 1774 1866 vulneribus
1788 1793 1920 1864 nostris
1936 1791 2088 1884 publicis
2104 1802 2140 1860 et

2 1893 7 1936 ε
89 1843 1089 1942 ¹¹⁸¹1¹⁰05⁸³⁸P⁰¹¹d⁸l³d”quaev‘hblul‘mm’vel
1140 1893 1289 1984 privatis
1311 1899 1493 1967 medeatur
1512 1897 1597 1990 ipse.
1649 1898 1864 1990 Quanquam
1882 1894 2041 1982 ingentes
2057 1905 2139 1962 sunt

2 1997 8 2038 ι
90 1949 308 2044 petiverunt.
372 1945 444 2020 Sed
470 1947 578 2038 legito
607 1947 728 2018 amieis
749 1969 891 2042 quoque
914 1937 1091 2017 Sleidoni
1460 1999 1469 2016 .
1648 1999 1676 2040 ,-

2 2102 6 2138 ,
89 2051 288 2144 epistolam.
337 2046 407 2120 llic
428 2049 630 2119 adolescens
649 2043 801 2142 Slyrius
824 2047 1088 2116 commendatus
1141 2017 1329 2066 aerumnae
1351 2021 1489 2088 genem
1512 1993 1676 2070 humam'
1715 2011 1834 2068 ΗΜ
1857 1995 1933 2065 vult
1954 2017 2020 2064 ¹¹⁰³
2041 1987 2139 2060 Dm

91 2166 146 2224 “l
162 2148 284 2222 mibia
301 2151 378 2221 'lm
393 2149 601 2242 praecipuae
617 2147 834 2222 ⁰⁰bffil⁸ll⁸⁸
867 2161 937 2219 ela
957 2145 1087 2264 gubir'
1140 2193 1273 2266 Filium
1291 2195 1487 2271 Dominum
1512 2217 1674 2273 nostrum
1700 2199 1816 2272 lesum
1839 2191 2043 2278 Christum,
2076 2191 2139 2286 qui

2 2309 5 2347 ;
90 2269 201 2325 nante
215 2277 311 2324 nunc
326 2247 508 2348 Styriesm,
534 2251 573 2320 in
589 2245 815 2322 Academiam
830 2261 987 2319 nostram
1002 2271 1087 2316 mss
1141 2295 1151 2314 .
1231 2297 1271 2340 ·.
1401 2300 1408 2316 ,
1847 2297 1855 2315 ‚
2035 2292 2043 2312 ι

4 2409 8 2419 -
91 2380 154 2426 sus
178 2367 244 2426 est:
276 2351 391 2444 Reges
413 2355 522 2445 igitur
539 2375 621 2422 eum
644 2351 792 2423 consilio
818 2363 899 2434 tuo,
932 2361 966 2420 et
985 2371 1087 2440 prae-
1139 2311 1271 2392 anmt.
1309 2295 1440 2372 Μαι
1462 2295 1518 2370 “d
1534 2325 1589 2371 ’Μ
1613 2323 1754 2388 mma
1787 2323 1852 2399 ‘lm
1875 2294 2081 2379 ‘almus’
2106 2303 2137 2361 ⁶¹

1031 2451 1040 2468 .
1140 2395 1285 2467 onerati
1304 2403 1408 2488 estis,
1441 2425 1506 2496 ego
1529 2397 1688 2496 reficiam
1706 2426 1778 2478 eos.
1828 2399 1926 2470 llaec
1938 2395 2064 2490 scripsi
2082 2417 2139 2464 so-

6 2513 13 2521 ·
88 2457 223 2527 ‘mlle'
254 2455 414 2528 dmen‘ll
440 2455 615 2530 ⁰¹dl⁰⁸¹¹¹⁸
672 2451 811 2522 v¹³l¹⁶⁰
836 2453 1005 2520 ’κώπῃ
1029 2473 1087 2571 1ῃῖ
1139 2499 1263 2570 cietate
1277 2501 1392 2573 luctus
1411 2520 1445 2577 et
1460 2505 1596 2575 doloris
1612 2505 1718 2576 vestri
1732 2517 1863 2590 motus,
1889 2524 1978 2596 quae
1993 2511 2035 2568 ut
2051 2495 2138 2566 boni

86 2569 329 2732 ἲῗείιιῖιοεῐ.
373 2553 614 2676 ⁹Cpmmendes
635 2575 715 2626 eum
734 2549 1005 2625 Viennensibus
1023 2576 1086 2705 qm
1139 2601 1330 2674 corrsulatis
1351 2629 1428 2680 om.
1484 2603 1583 2676 Bene
1609 2619 1645 2679 et
1668 2606 1819 2679 sentim
1842 2601 1967 2676 valete·
2017 2589 2137 2672 Non,-

1 2719 8 2740 .
141 2681 221 2729 aree
257 2659 490 2730 oiamihares
509 2659 666 2730 luerunt.
713 2653 812 2726 Bene
826 2655 916 2732 vale.
966 2651 1003 2729 4.
1017 2651 1066 2724 Fe
1137 2697 1270 2797 ὄψι
1290 2705 1347 2776 die
1363 2701 1400 2783 5·
1415 2703 1519 2784 Febr·
1540 2705 1650 2786 1⁵52·

87 2759 228 2832 bruerii
245 2753 487 2856 Noribergae·

1795 3143 1830 3208 6.
1844 3138 1931 3200 Febr.
1958 3133 2123 3218 (Nonus.)

82 3161 307 3300 Q
747 3173 781 3240 a.
798 3165 884 3232 asar.
910 3165 1069 3248 (noant.)
1142 3125 1356 3267 Q

361 3345 412 3434 G.
441 3345 816 3435 Cummeretodio.
1408 3333 1560 3422 leucis.
1588 3333 1867 3424 Canterario.

158 3503 241 3578 F·l’l⁸¹·
258 3505 305 3562 ml·
319 3505 354 3562 ll·
372 3525 399 3580 Ρ·
409 3504 471 3562 ³⁵7·
490 3503 675 3576 (illl-1¹⁰³&
694 3503 742 3564 lib.
755 3505 790 3562 ¹¹·
809 3523 852 3579 οΡ·
862 3505 946 3578 ⁸⁶⁴·l·
1205 3511 1290 3589 Epist.
1303 3515 1338 3572 ad
1351 3515 1462 3574 canu.
1482 3537 1511 3590 p.
1522 3515 1584 3574 668.
1605 3517 1658 3589 (ed.
1672 3513 1765 3572 Laod.
1784 3513 1832 3573 lib.
1846 3513 1895 3575 lv.
1912 3531 1957 3587 ep.
1970 3513 2058 3588 797.)-

257 3659 312 3740 D·
336 3656 547 3758 amm
572 3653 906 3736 Cumerslam
1135 3695 1361 3780 Clarissimo
1389 3705 1470 3778 eiro
1491 3703 1695 3780 eruditione
1716 3715 1749 3778 et
1772 3703 1902 3778 virtute
1922 3705 2136 3804 praestanti

1 3859 11 3902 ς
80 3799 137 3890 S.
162 3807 207 3888 D.
257 3807 446 3902 lllagnilice
460 3811 516 3881 vir
531 3825 566 3884 et
579 3823 728 3904 patrone
742 3813 906 3898 colende,
930 3813 1022 3886 Cum
1037 3819 1081 3888 ad
1237 3804 1398 3887 Ioaels.
1419 3803 1592 3884 Camer.
1606 3807 2034 3909 fratrisuoeorsssinso,

81 3914 246 4010 publicas
267 3935 368 3983 curas
388 3935 507 3984 rerum
529 3913 761 3984 maximarum
783 3915 965 3986 accessisse
981 3917 1081 3988 vobis
2092 3923 2097 3932 ’

4 4070 15 4108 .
80 4017 193 4090 etiam
216 4013 447 4085 domesticum
468 4015 603 4086 luctum
625 4013 803 4106 ingentem
820 4015 1082 4106 intellexissem,

1 4179 2 4188 ,
79 4119 190 4188 valde
206 4127 451 4187 consternatus
469 4139 567 4202 sum,
601 4129 737 4188 etcum
760 4131 874 4191 vestra
894 4143 996 4190 eausa
1015 4123 1081 4192 do-

83 4223 165 4300 leo,
188 4231 265 4290 tum
280 4239 365 4286 vero
381 4231 526 4310 propter
541 4215 736 4310 Rempubl.
751 4243 841 4313 quae
856 4221 894 4290 in
912 4215 969 4292 bis
982 4245 1080 4292 sum-

0 4395 1 4398 ,
81 4321 155 4393 mis
181 4317 348 4412 periculis
375 4318 527 4390 maxime
546 4319 684 4410 indiget
708 4321 878 4408 consilio,
908 4349 1011 4405 voce,
1045 4337 1080 4396 et

1 4427 2 4438 ’
79 4423 275 4496 autoritate
299 4431 435 4504 vestra,
460 4419 595 4490 maiore
616 4421 844 4492 solicitudine
866 4441 900 4496 et
916 4449 1078 4496 moerore

79 4522 278 4596 excrucior.
327 4515 393 4592 Est
416 4521 565 4594 omnino
591 4521 715 4612 ingena
737 4522 924 4596 infirmitas
939 4527 1079 4616 generis

78 4623 254 4707 humani,
286 4633 320 4692 et
340 4622 473 4692 multae
489 4645 529 4692 ac
544 4617 742 4694 horrendae
756 4625 979 4698 confusiones
994 4641 1079 4700 sunt

77 4725 192 4799 huius
216 4725 325 4808 vitae,
356 4723 453 4815 quod
476 4745 557 4792 cum
582 4745 684 4816 saepe
706 4749 769 4796 vos
791 4727 942 4818 cogitare
959 4730 1079 4816 sciam,

75 4851 159 4900 non
182 4825 306 4896 dubito
328 4821 435 4893 simul
454 4823 559 4894 etiam
576 4845 639 4894 vos
656 4849 720 4918 pro
737 4829 918 4901 excellenti
935 4833 1077 4927 sapien-

73 4929 132 5004 tia
153 4939 269 4997 restra
291 4947 391 4994 veras
405 4924 664 4996 consolationes
678 4941 795 5000 mente
811 4930 960 5018 intueri,
985 4955 1076 5028 quae
1237 4925 1583 5026 ll'irlesshergenses
1601 4931 1727 5022 legati,
1756 4945 1943 5026 postquam
1957 4955 2062 5006 nemo
2078 4935 2131 5008 eis

73 5053 159 5104 non
186 5023 343 5098 humana
373 5025 556 5115 diligentia
585 5025 813 5118 investigatae
836 5045 939 5118 sunt,
966 5035 1028 5104 sed
1055 5055 1074 5103 a
1128 5035 1316 5124 respondet
1329 5033 1525 5126 quidquam
1542 5034 1743 5124 petentibus
1758 5047 1798 5106 ut
1812 5035 2017 5120 audiantur,
2043 5033 2129 5106 Tri·

72 5131 159 5208 Deo
178 5129 361 5202 conditore
376 5125 574 5198 illustribus
587 5128 796 5200 testimoniis
810 5133 1016 5222 patefactae,
1040 5147 1075 5204 et
1126 5135 1234 5206 dento
1255 5135 1451 5210 discedunt.
1519 5131 1594 5206 Nos
1617 5129 1675 5204 hic
1698 5149 1878 5224 expectare
1901 5137 1986 5206 iussi
2006 5159 2128 5208 sumus

0 5300 1 5311 ,
72 5229 259 5308 Ecclesiae
275 5227 425 5300 traditae
440 5241 533 5302 sunt.
583 5225 759 5302 Adfirmat
774 5227 889 5320 Deus,
913 5255 950 5304 se
968 5233 1072 5305 etiarn
1126 5239 1193 5306 roei
1215 5227 1396 5334 ἡγεμόνος
1418 5234 1595 5321 reditum,
1630 5235 1693 5330 qui
1717 5237 1856 5306 utinam
1879 5237 2076 5308 sitlaustus
2093 5253 2129 5310 et

73 5339 175 5406 inter
194 5333 316 5404 ruinas
335 5329 583 5422 imperiorum,
614 5345 648 5402 et
669 5325 863 5416 Ecclesias,
896 5345 931 5403 et
952 5357 1073 5406 aarum
1126 5336 1218 5410 ielis.
1244 5337 1470 5408 Mirandulae
1483 5336 1730 5408 circumsessae
1744 5338 1917 5428 picturam
1931 5338 1996 5410 tibi
2011 5339 2128 5408 mitto.

73 5433 235 5530 hospitia
258 5442 497 5526 protecturum
519 5455 610 5522 esse,
633 5433 726 5508 stent
743 5434 866 5508 nasim
879 5428 1017 5510 Notae
1033 5437 1072 5508 ln
1124 5429 1326 5536 Coeperam
1351 5439 1534 5532 sperabam
1557 5431 1625 5509 boc
1643 5439 1720 5532 ipso
1741 5441 1816 5526 die,
1849 5465 1921 5534 quo
1947 5435 2127 5530 bancepi-

1134 3957 1183 4046 S.
1206 3971 1252 4050 D.
1310 3973 1353 4046 ln
1378 3975 1487 4048 tantis
1510 3975 1678 4069 periculis
1702 3989 1735 4046 et
1750 3975 1881 4048 nostris
1897 3991 1931 4048 et
1947 3975 2134 4048 universae

1133 4069 1329 4162 Ecclesiae,
1361 4101 1515 4170 quorum
1537 4091 1572 4148 te
1592 4101 1733 4172 quoque
1749 4077 1900 4146 exerceri
1917 4077 2056 4148 assidua
2073 4099 2134 4144 co-

1132 4177 1301 4266 gitatione
1317 4177 1409 4264 scio,
1438 4173 1529 4250 banc
1545 4173 1659 4248 babeo
1676 4177 1900 4270 praecipuam
1919 4179 2133 4246 consolatio-

1133 4301 1234 4360 nem,
1260 4302 1350 4372 quae
1371 4279 1541 4352 recitatur
1563 4279 1682 4350 intuo
1696 4301 1815 4348 vemet:
1847 4271 1992 4350 Nostra
2010 4285 2132 4348 tuone-

1131 4401 1199 4476 que
1208 4371 1304 4470 fides
1318 4376 1438 4452 solius
1450 4387 1534 4449 orat
1550 4403 1661 4476 opem.
1695 4377 1791 4468 Quid
1809 4379 1904 4448 enirn
1920 4402 2015 4450 nunc
2030 4403 2134 4471 prae·

1131 4481 1252 4550 sertim
1279 4481 1464 4552 commotis
1495 4481 1599 4550 rebus
1622 4480 1750 4559 tantis,
1783 4479 1941 4551 consiliis
1963 4473 2133 4548 humanis

1131 4581 1220 4652 ellici
1235 4581 1374 4674 potest?
1410 4579 1549 4654 Eodem
1564 4581 1623 4652 die
1639 4578 1697 4652 bic
1711 4573 1889 4652 Lasarus
1905 4593 1940 4652 et
1954 4571 2131 4653 Cramius

1130 4683 1284 4756 luenrnt.
1322 4679 1484 4752 Narrabo
1502 4707 1621 4754 eoram
1638 4683 1822 4776 utriusque
1838 4703 2029 4754 aernsoues.
2069 4680 2130 4754 ln·

1130 4797 1222 4854 terea
1241 4796 1319 4853 tuas
1336 4783 1470 4852 litteras
1486 4784 1643 4880 requiro.

1140 2119 1215 2164 non
1228 2097 1343 2188 frangi
1360 2101 1503 2188 dolore,
1534 2101 1595 2170 sed
1611 2101 1829 2194 acquiescere
1846 2099 1884 2166 in
1902 2095 1978 2184 ipso
1995 2105 2139 2186 propter
2255 2189 2261 2202 ·
