<?xml version="1.0" encoding="UTF-8"?>
<!DOCTYPE html PUBLIC "-//W3C//DTD XHTML 1.0 Transitional//EN"
    "http://www.w3.org/TR/xhtml1/DTD/xhtml1-transitional.dtd">
<html xmlns="http://www.w3.org/1999/xhtml" xml:lang="en" lang="en">
 <head>
  <title>
</title>
<meta http-equiv="Content-Type" content="text/html;charset=utf-8" />
  <meta name='ocr-system' content='tesseract 3.04.00' />
  <meta name='ocr-capabilities' content='ocr_page ocr_carea ocr_par ocr_line ocrx_word'/>
</head>
<body>
  <div class='ocr_page' id='page_1' title='image "./philippimelanth04bindgoog_0562.png"; bbox 0 0 4730 6202; ppageno 0'>
   <div class='ocr_carea' id='block_1_1' title="bbox 225 229 2223 342">
    <p class='ocr_par' dir='ltr' id='par_1_1' title="bbox 225 229 2223 342">
     <span class='ocr_line' id='line_1_1' title="bbox 225 229 2223 342; baseline -0.005 -1"><span class='ocrx_word' id='word_1_1' title='bbox 225 263 323 342; x_wconf 81' lang='lat' dir='ltr'><strong>soor</strong></span> <span class='ocrx_word' id='word_1_2' title='bbox 789 229 1229 336; x_wconf 78' lang='lat' dir='ltr'><strong>aersnoe&#39;aauar</strong></span> <span class='ocrx_word' id='word_1_3' title='bbox 1279 257 1497 336; x_wconf 58' lang='lat' dir='ltr'><strong>uranu.</strong></span> <span class='ocrx_word' id='word_1_4' title='bbox 1550 257 1689 338; x_wconf 79' lang='lat' dir='ltr'><strong>assa.</strong></span> <span class='ocrx_word' id='word_1_5' title='bbox 2152 259 2223 332; x_wconf 80' lang='lat' dir='ltr'><strong>aas</strong></span> 
     </span>
    </p>
   </div>
   <div class='ocr_carea' id='block_1_2' title="bbox 216 425 2297 3477">
    <p class='ocr_par' dir='ltr' id='par_1_2' title="bbox 216 425 2297 3477">
     <span class='ocr_line' id='line_1_2' title="bbox 226 425 2227 530; baseline -0.006 -18"><span class='ocrx_word' id='word_1_6' title='bbox 226 440 265 511; x_wconf 91' lang='lat' dir='ltr'><strong>in</strong></span> <span class='ocrx_word' id='word_1_7' title='bbox 284 435 501 530; x_wconf 86' lang='lat' dir='ltr'><strong>Groningen</strong></span> <span class='ocrx_word' id='word_1_8' title='bbox 517 457 616 506; x_wconf 90' lang='lat' dir='ltr'><strong>suam</strong></span> <span class='ocrx_word' id='word_1_9' title='bbox 633 425 908 526; x_wconf 81' lang='grc' dir='ltr'><strong><em>ελόωλομαυίαυ</em></strong></span> <span class='ocrx_word' id='word_1_10' title='bbox 923 431 1128 516; x_wconf 78' lang='lat' dir='ltr'><strong>retinentes,</strong></span> <span class='ocrx_word' id='word_1_11' title='bbox 1150 455 1231 502; x_wconf 91' lang='lat' dir='ltr'><strong>cnm</strong></span> <span class='ocrx_word' id='word_1_12' title='bbox 1281 431 1415 500; x_wconf 84' lang='lat' dir='ltr'><strong>rendae</strong></span> <span class='ocrx_word' id='word_1_13' title='bbox 1430 443 1512 501; x_wconf 87' lang='lat' dir='ltr'><strong>suut</strong></span> <span class='ocrx_word' id='word_1_14' title='bbox 1527 431 1570 500; x_wconf 91' lang='lat' dir='ltr'><strong>ab</strong></span> <span class='ocrx_word' id='word_1_15' title='bbox 1585 425 1652 501; x_wconf 88' lang='lat' dir='ltr'><strong>bac</strong></span> <span class='ocrx_word' id='word_1_16' title='bbox 1667 430 1858 522; x_wconf 75' lang='lat' dir='ltr'>spiratione</span> <span class='ocrx_word' id='word_1_17' title='bbox 1876 429 1931 500; x_wconf 81' lang='lat' dir='ltr'><strong>ael</strong></span> <span class='ocrx_word' id='word_1_18' title='bbox 1947 430 2149 522; x_wconf 76' lang='lat' dir='ltr'>processione</span> <span class='ocrx_word' id='word_1_19' title='bbox 2161 429 2227 499; x_wconf 87' lang='lat' dir='ltr'><strong>ina-</strong></span> 
     </span>
     <span class='ocr_line' id='line_1_3' title="bbox 227 527 2229 628; baseline -0.006 -15"><span class='ocrx_word' id='word_1_20' title='bbox 227 543 445 624; x_wconf 87' lang='lat' dir='ltr'><strong>ostenderet,</strong></span> <span class='ocrx_word' id='word_1_21' title='bbox 474 561 510 608; x_wconf 89' lang='lat' dir='ltr'><strong>se</strong></span> <span class='ocrx_word' id='word_1_22' title='bbox 527 559 631 604; x_wconf 84' lang='lat' dir='ltr'><strong>verae</strong></span> <span class='ocrx_word' id='word_1_23' title='bbox 648 536 829 604; x_wconf 88' lang='lat' dir='ltr'><strong>doctrinae</strong></span> <span class='ocrx_word' id='word_1_24' title='bbox 845 535 1041 606; x_wconf 89' lang='lat' dir='ltr'><strong>studiosum</strong></span> <span class='ocrx_word' id='word_1_25' title='bbox 1057 558 1147 618; x_wconf 85' lang='lat' dir='ltr'><strong>esse,</strong></span> <span class='ocrx_word' id='word_1_26' title='bbox 1170 557 1232 628; x_wconf 86' lang='lat' dir='ltr'><strong>pc·</strong></span> <span class='ocrx_word' id='word_1_27' title='bbox 1280 532 1477 620; x_wconf 88' lang='lat' dir='ltr'><strong>ginationes</strong></span> <span class='ocrx_word' id='word_1_28' title='bbox 1493 536 1537 603; x_wconf 89' lang='lat' dir='ltr'><strong>de</strong></span> <span class='ocrx_word' id='word_1_29' title='bbox 1557 534 1660 602; x_wconf 88' lang='lat' dir='ltr'><strong>locali</strong></span> <span class='ocrx_word' id='word_1_30' title='bbox 1674 551 1706 604; x_wconf 88' lang='lat' dir='ltr'><strong>et</strong></span> <span class='ocrx_word' id='word_1_31' title='bbox 1725 527 1867 627; x_wconf 84' lang='lat' dir='ltr'><strong>physica</strong></span> <span class='ocrx_word' id='word_1_32' title='bbox 1882 531 2057 602; x_wconf 75' lang='lat' dir='ltr'>distantia.</span> <span class='ocrx_word' id='word_1_33' title='bbox 2090 530 2171 601; x_wconf 87' lang='lat' dir='ltr'><strong>llaec</strong></span> <span class='ocrx_word' id='word_1_34' title='bbox 2182 532 2229 602; x_wconf 87' lang='lat' dir='ltr'><strong>etsi</strong></span> 
     </span>
     <span class='ocr_line' id='line_1_4' title="bbox 229 633 2297 738; baseline -0.005 -25"><span class='ocrx_word' id='word_1_35' title='bbox 229 645 409 738; x_wconf 82' lang='lat' dir='ltr'><strong>pulerunt.</strong></span> <span class='ocrx_word' id='word_1_36' title='bbox 476 639 603 708; x_wconf 86' lang='lat' dir='ltr'><strong>Postea</strong></span> <span class='ocrx_word' id='word_1_37' title='bbox 640 650 680 706; x_wconf 90' lang='lat' dir='ltr'><strong>ut</strong></span> <span class='ocrx_word' id='word_1_38' title='bbox 720 638 835 706; x_wconf 84' lang='lat' dir='ltr'><strong>sontes</strong></span> <span class='ocrx_word' id='word_1_39' title='bbox 869 637 1052 706; x_wconf 87' lang='lat' dir='ltr'><strong>doctrinae</strong></span> <span class='ocrx_word' id='word_1_40' title='bbox 1086 636 1232 730; x_wconf 87' lang='lat' dir='ltr'><strong>propius</strong></span> <span class='ocrx_word' id='word_1_41' title='bbox 1283 659 1362 704; x_wconf 84' lang='lat' dir='ltr'><strong>vere</strong></span> <span class='ocrx_word' id='word_1_42' title='bbox 1377 634 1563 718; x_wconf 86' lang='lat' dir='ltr'><strong>dicuntur,</strong></span> <span class='ocrx_word' id='word_1_43' title='bbox 1589 649 1707 704; x_wconf 85' lang='lat' dir='ltr'><strong>tamen</strong></span> <span class='ocrx_word' id='word_1_44' title='bbox 1725 634 1894 703; x_wconf 86' lang='lat' dir='ltr'><strong>nonsatis</strong></span> <span class='ocrx_word' id='word_1_45' title='bbox 1910 633 2075 724; x_wconf 83' lang='lat' dir='ltr'><strong>explicate</strong></span> <span class='ocrx_word' id='word_1_46' title='bbox 2090 633 2231 704; x_wconf 85' lang='lat' dir='ltr'><strong>dicuntur.</strong></span> <span class='ocrx_word' id='word_1_47' title='bbox 2295 691 2297 722; x_wconf 71' lang='lat'><strong>,</strong></span> 
     </span>
     <span class='ocr_line' id='line_1_5' title="bbox 230 733 2231 836; baseline -0.007 -20"><span class='ocrx_word' id='word_1_48' title='bbox 230 755 435 836; x_wconf 83' lang='lat' dir='ltr'><strong>agnosceret</strong></span> <span class='ocrx_word' id='word_1_49' title='bbox 445 737 517 835; x_wconf 64' lang='lat'><strong>(7),</strong></span> <span class='ocrx_word' id='word_1_50' title='bbox 543 739 704 828; x_wconf 89' lang='lat' dir='ltr'><strong>linguam</strong></span> <span class='ocrx_word' id='word_1_51' title='bbox 721 735 897 807; x_wconf 87' lang='lat' dir='ltr'><strong>Ebraeam</strong></span> <span class='ocrx_word' id='word_1_52' title='bbox 915 737 1051 823; x_wconf 83' lang='lat' dir='ltr'><strong>didicit,</strong></span> <span class='ocrx_word' id='word_1_53' title='bbox 1077 761 1117 806; x_wconf 89' lang='lat' dir='ltr'><strong>ac</strong></span> <span class='ocrx_word' id='word_1_54' title='bbox 1131 737 1234 806; x_wconf 82' lang='lat' dir='ltr'><strong>dein·</strong></span> <span class='ocrx_word' id='word_1_55' title='bbox 1283 733 1534 823; x_wconf 74' lang='lat' dir='ltr'><strong>Quaerendum</strong></span> <span class='ocrx_word' id='word_1_56' title='bbox 1551 749 1600 804; x_wconf 89' lang='lat' dir='ltr'><strong>est</strong></span> <span class='ocrx_word' id='word_1_57' title='bbox 1616 737 1727 816; x_wconf 89' lang='lat' dir='ltr'><strong>enim,</strong></span> <span class='ocrx_word' id='word_1_58' title='bbox 1754 761 1825 828; x_wconf 91' lang='lat' dir='ltr'><strong>quo</strong></span> <span class='ocrx_word' id='word_1_59' title='bbox 1842 737 1968 804; x_wconf 88' lang='lat' dir='ltr'><strong>ordine</strong></span> <span class='ocrx_word' id='word_1_60' title='bbox 1990 735 2039 804; x_wconf 91' lang='lat' dir='ltr'><strong>ibi</strong></span> <span class='ocrx_word' id='word_1_61' title='bbox 2059 735 2139 818; x_wconf 89' lang='lat' dir='ltr'><strong>sint,</strong></span> <span class='ocrx_word' id='word_1_62' title='bbox 2158 748 2231 802; x_wconf 89' lang='lat' dir='ltr'><strong>etan</strong></span> 
     </span>
     <span class='ocr_line' id='line_1_6' title="bbox 230 833 2233 930; baseline -0.007 -13"><span class='ocrx_word' id='word_1_63' title='bbox 230 849 275 917; x_wconf 88' lang='lat' dir='ltr'><strong>de</strong></span> <span class='ocrx_word' id='word_1_64' title='bbox 305 847 344 916; x_wconf 92' lang='lat' dir='ltr'><strong>in</strong></span> <span class='ocrx_word' id='word_1_65' title='bbox 368 843 559 916; x_wconf 80' lang='lat' dir='ltr'><strong>Academia</strong></span> <span class='ocrx_word' id='word_1_66' title='bbox 589 853 710 908; x_wconf 89' lang='lat' dir='ltr'><strong>nostra</strong></span> <span class='ocrx_word' id='word_1_67' title='bbox 734 853 771 910; x_wconf 89' lang='lat' dir='ltr'><strong>et</strong></span> <span class='ocrx_word' id='word_1_68' title='bbox 793 837 1077 928; x_wconf 88' lang='lat' dir='ltr'><strong>Regiomontana</strong></span> <span class='ocrx_word' id='word_1_69' title='bbox 1102 837 1233 908; x_wconf 91' lang='lat' dir='ltr'><strong>multos</strong></span> <span class='ocrx_word' id='word_1_70' title='bbox 1283 839 1326 908; x_wconf 91' lang='lat' dir='ltr'><strong>sit</strong></span> <span class='ocrx_word' id='word_1_71' title='bbox 1353 837 1471 930; x_wconf 90' lang='lat' dir='ltr'><strong>aliqua</strong></span> <span class='ocrx_word' id='word_1_72' title='bbox 1498 859 1559 906; x_wconf 85' lang='lat' dir='ltr'><strong>sua</strong></span> <span class='ocrx_word' id='word_1_73' title='bbox 1587 837 1677 908; x_wconf 91' lang='lat' dir='ltr'><strong>actio</strong></span> <span class='ocrx_word' id='word_1_74' title='bbox 1700 835 1788 904; x_wconf 82' lang='lat' dir='ltr'><strong>lilii?</strong></span> <span class='ocrx_word' id='word_1_75' title='bbox 1822 847 1857 905; x_wconf 91' lang='lat' dir='ltr'><strong>et</strong></span> <span class='ocrx_word' id='word_1_76' title='bbox 1881 859 1943 905; x_wconf 88' lang='lat' dir='ltr'><strong>sua</strong></span> <span class='ocrx_word' id='word_1_77' title='bbox 1971 836 2109 930; x_wconf 84' lang='lat' dir='ltr'><strong>spiritus</strong></span> <span class='ocrx_word' id='word_1_78' title='bbox 2132 833 2233 906; x_wconf 77' lang='lat' dir='ltr'><strong>sanctii</strong></span> 
     </span>
     <span class='ocr_line' id='line_1_7' title="bbox 231 931 2234 1040; baseline -0.009 -19"><span class='ocrx_word' id='word_1_79' title='bbox 231 964 325 1020; x_wconf 85' lang='lat' dir='ltr'><strong>recte</strong></span> <span class='ocrx_word' id='word_1_80' title='bbox 346 944 478 1016; x_wconf 90' lang='lat' dir='ltr'><strong>docuit.</strong></span> <span class='ocrx_word' id='word_1_81' title='bbox 527 939 699 1040; x_wconf 75' lang='lat' dir='ltr'><strong>Discessit</strong></span> <span class='ocrx_word' id='word_1_82' title='bbox 722 954 839 1009; x_wconf 91' lang='lat' dir='ltr'><strong>autem</strong></span> <span class='ocrx_word' id='word_1_83' title='bbox 863 965 905 1009; x_wconf 88' lang='lat' dir='ltr'><strong>ex</strong></span> <span class='ocrx_word' id='word_1_84' title='bbox 922 937 1064 1008; x_wconf 85' lang='lat' dir='ltr'><strong>Prassia</strong></span> <span class='ocrx_word' id='word_1_85' title='bbox 1089 952 1234 1030; x_wconf 87' lang='lat' dir='ltr'><strong>propter</strong></span> <span class='ocrx_word' id='word_1_86' title='bbox 1282 931 1497 1008; x_wconf 72' lang='lat' dir='ltr'><strong>Athanasius</strong></span> <span class='ocrx_word' id='word_1_87' title='bbox 1517 939 1703 1032; x_wconf 86' lang='lat' dir='ltr'><strong>aliquoties</strong></span> <span class='ocrx_word' id='word_1_88' title='bbox 1725 937 1828 1007; x_wconf 92' lang='lat' dir='ltr'><strong>dicit:</strong></span> <span class='ocrx_word' id='word_1_89' title='bbox 1854 937 1892 1006; x_wconf 91' lang='lat' dir='ltr'><strong>in</strong></span> <span class='ocrx_word' id='word_1_90' title='bbox 1915 937 2234 1032; x_wconf 89' lang='lat' dir='ltr'><strong>quocunqnedicitur</strong></span> 
     </span>
     <span class='ocr_line' id='line_1_8' title="bbox 232 1031 2236 1132; baseline -0.006 -13"><span class='ocrx_word' id='word_1_91' title='bbox 232 1045 363 1119; x_wconf 90' lang='lat' dir='ltr'><strong>atrocia</strong></span> <span class='ocrx_word' id='word_1_92' title='bbox 381 1041 527 1114; x_wconf 85' lang='lat' dir='ltr'><strong>dissidia</strong></span> <span class='ocrx_word' id='word_1_93' title='bbox 546 1041 599 1110; x_wconf 90' lang='lat' dir='ltr'><strong>ibi</strong></span> <span class='ocrx_word' id='word_1_94' title='bbox 614 1053 712 1124; x_wconf 87' lang='lat' dir='ltr'><strong>orta,</strong></span> <span class='ocrx_word' id='word_1_95' title='bbox 738 1054 773 1112; x_wconf 88' lang='lat' dir='ltr'><strong>ct</strong></span> <span class='ocrx_word' id='word_1_96' title='bbox 794 1063 890 1108; x_wconf 92' lang='lat' dir='ltr'><strong>nnnc</strong></span> <span class='ocrx_word' id='word_1_97' title='bbox 911 1041 1068 1112; x_wconf 89' lang='lat' dir='ltr'><strong>solitudo</strong></span> <span class='ocrx_word' id='word_1_98' title='bbox 1092 1054 1233 1110; x_wconf 85' lang='lat' dir='ltr'><strong>nostrae</strong></span> <span class='ocrx_word' id='word_1_99' title='bbox 1282 1061 1356 1108; x_wconf 87' lang='lat' dir='ltr'><strong>esse</strong></span> <span class='ocrx_word' id='word_1_100' title='bbox 1379 1039 1523 1132; x_wconf 88' lang='lat' dir='ltr'><strong>spiritus</strong></span> <span class='ocrx_word' id='word_1_101' title='bbox 1543 1039 1704 1124; x_wconf 66' lang='lat' dir='ltr'><strong>sarnatus,</strong></span> <span class='ocrx_word' id='word_1_102' title='bbox 1736 1039 1775 1106; x_wconf 92' lang='lat' dir='ltr'><strong>in</strong></span> <span class='ocrx_word' id='word_1_103' title='bbox 1794 1063 1836 1108; x_wconf 88' lang='lat' dir='ltr'><strong>eo</strong></span> <span class='ocrx_word' id='word_1_104' title='bbox 1862 1053 1913 1108; x_wconf 88' lang='lat' dir='ltr'><strong>est</strong></span> <span class='ocrx_word' id='word_1_105' title='bbox 1934 1061 1997 1130; x_wconf 90' lang='lat' dir='ltr'><strong>per</strong></span> <span class='ocrx_word' id='word_1_106' title='bbox 2018 1039 2164 1109; x_wconf 83' lang='lat' dir='ltr'><strong>verbum.</strong></span> <span class='ocrx_word' id='word_1_107' title='bbox 2203 1031 2236 1104; x_wconf 79' lang='lat' dir='ltr'><strong>Et</strong></span> 
     </span>
     <span class='ocr_line' id='line_1_9' title="bbox 233 1137 2237 1236; baseline -0.008 -16"><span class='ocrx_word' id='word_1_108' title='bbox 233 1145 444 1220; x_wconf 84' lang='lat' dir='ltr'><strong>Academiae</strong></span> <span class='ocrx_word' id='word_1_109' title='bbox 460 1164 563 1214; x_wconf 89' lang='lat' dir='ltr'><strong>causa</strong></span> <span class='ocrx_word' id='word_1_110' title='bbox 582 1154 651 1226; x_wconf 85' lang='lat' dir='ltr'><strong>est,</strong></span> <span class='ocrx_word' id='word_1_111' title='bbox 677 1165 741 1211; x_wconf 92' lang='lat' dir='ltr'><strong>cur</strong></span> <span class='ocrx_word' id='word_1_112' title='bbox 757 1141 843 1210; x_wconf 91' lang='lat' dir='ltr'><strong>alibi</strong></span> <span class='ocrx_word' id='word_1_113' title='bbox 867 1137 1061 1234; x_wconf 81' lang='lat' dir='ltr'><strong>hospitium</strong></span> <span class='ocrx_word' id='word_1_114' title='bbox 1078 1154 1233 1236; x_wconf 91' lang='lat' dir='ltr'><strong>quaerat.</strong></span> <span class='ocrx_word' id='word_1_115' title='bbox 1281 1141 1442 1234; x_wconf 86' lang='lat' dir='ltr'><strong>loq&#39;uitur</strong></span> <span class='ocrx_word' id='word_1_116' title='bbox 1453 1143 1497 1209; x_wconf 91' lang='lat' dir='ltr'><strong>de</strong></span> <span class='ocrx_word' id='word_1_117' title='bbox 1510 1165 1659 1233; x_wconf 90' lang='lat' dir='ltr'><strong>persona</strong></span> <span class='ocrx_word' id='word_1_118' title='bbox 1671 1141 1738 1210; x_wconf 86' lang='lat' dir='ltr'><strong>lilii</strong></span> <span class='ocrx_word' id='word_1_119' title='bbox 1751 1138 1817 1210; x_wconf 91' lang='lat' dir='ltr'><strong>Dei</strong></span> <span class='ocrx_word' id='word_1_120' title='bbox 1833 1141 2027 1210; x_wconf 89' lang='lat' dir='ltr'><strong>secundum</strong></span> <span class='ocrx_word' id='word_1_121' title='bbox 2043 1139 2237 1208; x_wconf 84' lang='lat' dir='ltr'><strong>divinitatem.</strong></span> 
     </span>
     <span class='ocr_line' id='line_1_10' title="bbox 231 1239 2238 1336; baseline -0.006 -14"><span class='ocrx_word' id='word_1_122' title='bbox 231 1249 308 1322; x_wconf 87' lang='lat' dir='ltr'><strong>Etsi</strong></span> <span class='ocrx_word' id='word_1_123' title='bbox 325 1259 442 1318; x_wconf 88' lang='lat' dir='ltr'><strong>autem</strong></span> <span class='ocrx_word' id='word_1_124' title='bbox 458 1245 551 1336; x_wconf 92' lang='lat' dir='ltr'><strong>apud</strong></span> <span class='ocrx_word' id='word_1_125' title='bbox 574 1265 637 1310; x_wconf 85' lang='lat' dir='ltr'><strong>vos</strong></span> <span class='ocrx_word' id='word_1_126' title='bbox 654 1243 710 1312; x_wconf 90' lang='lat' dir='ltr'><strong>vir</strong></span> <span class='ocrx_word' id='word_1_127' title='bbox 725 1243 992 1324; x_wconf 87' lang='lat' dir='ltr'><strong>celeberrimus,</strong></span> <span class='ocrx_word' id='word_1_128' title='bbox 1018 1243 1232 1314; x_wconf 86' lang='lat' dir='ltr'><strong>clarissimus</strong></span> <span class='ocrx_word' id='word_1_129' title='bbox 1261 1327 1262 1330; x_wconf 8' lang='grc' dir='ltr'><strong>Ἴ</strong></span> <span class='ocrx_word' id='word_1_130' title='bbox 1282 1239 1503 1333; x_wconf 82' lang='lat' dir='ltr'><strong>Augustinus</strong></span> <span class='ocrx_word' id='word_1_131' title='bbox 1526 1243 1646 1334; x_wconf 90' lang='lat' dir='ltr'><strong>inquit</strong></span> <span class='ocrx_word' id='word_1_132' title='bbox 1660 1240 1696 1313; x_wconf 83' lang='lat'><strong>4.</strong></span> <span class='ocrx_word' id='word_1_133' title='bbox 1713 1243 1758 1311; x_wconf 91' lang='lat' dir='ltr'><strong>de</strong></span> <span class='ocrx_word' id='word_1_134' title='bbox 1779 1242 1955 1312; x_wconf 86' lang='lat' dir='ltr'><strong>trinitate:</strong></span> <span class='ocrx_word' id='word_1_135' title='bbox 1981 1241 2136 1334; x_wconf 90' lang='lat' dir='ltr'><strong>quotidie</strong></span> <span class='ocrx_word' id='word_1_136' title='bbox 2154 1239 2238 1310; x_wconf 87' lang='lat' dir='ltr'><strong>mitti·</strong></span> 
     </span>
     <span class='ocr_line' id='line_1_11' title="bbox 232 1339 2239 1436; baseline -0.007 -14"><span class='ocrx_word' id='word_1_137' title='bbox 232 1346 470 1430; x_wconf 74' lang='lat' dir='ltr'><strong>Dromades,</strong></span> <span class='ocrx_word' id='word_1_138' title='bbox 494 1367 692 1414; x_wconf 87' lang='lat' dir='ltr'><strong>sermonem</strong></span> <span class='ocrx_word' id='word_1_139' title='bbox 709 1340 963 1436; x_wconf 86' lang='lat' dir='ltr'><strong>prophetarum</strong></span> <span class='ocrx_word' id='word_1_140' title='bbox 979 1341 1158 1414; x_wconf 89' lang='lat' dir='ltr'><strong>Ebracum</strong></span> <span class='ocrx_word' id='word_1_141' title='bbox 1174 1343 1232 1412; x_wconf 91' lang='lat' dir='ltr'><strong>in·</strong></span> <span class='ocrx_word' id='word_1_142' title='bbox 1282 1357 1342 1413; x_wconf 87' lang='lat' dir='ltr'><strong>tur</strong></span> <span class='ocrx_word' id='word_1_143' title='bbox 1367 1343 1535 1434; x_wconf 81' lang='lat' dir='ltr'><strong>sapientia</strong></span> <span class='ocrx_word' id='word_1_144' title='bbox 1567 1345 1605 1412; x_wconf 93' lang='lat' dir='ltr'><strong>in</strong></span> <span class='ocrx_word' id='word_1_145' title='bbox 1634 1345 1741 1414; x_wconf 87' lang='lat' dir='ltr'><strong>corda</strong></span> <span class='ocrx_word' id='word_1_146' title='bbox 1767 1343 1996 1416; x_wconf 86' lang='lat' dir='ltr'><strong>credentium.</strong></span> <span class='ocrx_word' id='word_1_147' title='bbox 2046 1339 2094 1413; x_wconf 83' lang='lat' dir='ltr'><strong>Et</strong></span> <span class='ocrx_word' id='word_1_148' title='bbox 2115 1342 2239 1434; x_wconf 91' lang='lat' dir='ltr'><strong>loquitur</strong></span> 
     </span>
     <span class='ocr_line' id='line_1_12' title="bbox 232 1435 2238 1546; baseline -0.006 -21"><span class='ocrx_word' id='word_1_149' title='bbox 232 1464 461 1546; x_wconf 80' lang='lat' dir='ltr'><strong>terpretatur,</strong></span> <span class='ocrx_word' id='word_1_150' title='bbox 492 1459 609 1514; x_wconf 81' lang='lat' dir='ltr'><strong>tamam</strong></span> <span class='ocrx_word' id='word_1_151' title='bbox 633 1469 708 1514; x_wconf 94' lang='lat' dir='ltr'><strong>non</strong></span> <span class='ocrx_word' id='word_1_152' title='bbox 731 1446 905 1529; x_wconf 84' lang='lat' dir='ltr'><strong>arbitror,</strong></span> <span class='ocrx_word' id='word_1_153' title='bbox 938 1471 1018 1516; x_wconf 92' lang='lat' dir='ltr'><strong>eum</strong></span> <span class='ocrx_word' id='word_1_154' title='bbox 1043 1443 1233 1516; x_wconf 88' lang='lat' dir='ltr'><strong>Gramma·</strong></span> <span class='ocrx_word' id='word_1_155' title='bbox 1281 1439 1365 1539; x_wconf 81' lang='grc' dir='ltr'><strong>περὶ</strong></span> <span class='ocrx_word' id='word_1_156' title='bbox 1376 1435 1503 1544; x_wconf 72' lang='grc' dir='ltr'><strong><em>λόγου,</em></strong></span> <span class='ocrx_word' id='word_1_157' title='bbox 1521 1447 1583 1538; x_wconf 90' lang='lat' dir='ltr'><strong>qui</strong></span> <span class='ocrx_word' id='word_1_158' title='bbox 1600 1460 1651 1515; x_wconf 92' lang='lat' dir='ltr'><strong>est</strong></span> <span class='ocrx_word' id='word_1_159' title='bbox 1665 1468 1816 1536; x_wconf 89' lang='lat' dir='ltr'><strong>persona</strong></span> <span class='ocrx_word' id='word_1_160' title='bbox 1830 1468 1891 1514; x_wconf 87' lang='lat' dir='ltr'><strong>seu</strong></span> <span class='ocrx_word' id='word_1_161' title='bbox 1902 1435 2165 1539; x_wconf 76' lang='grc' dir='ltr'><strong>Ιὑιριοτόμιυοι.</strong></span> <span class='ocrx_word' id='word_1_162' title='bbox 2190 1441 2238 1512; x_wconf 77' lang='lat' dir='ltr'><strong>sed</strong></span> 
     </span>
     <span class='ocr_line' id='line_1_13' title="bbox 234 1537 2240 1648; baseline -0.009 -20"><span class='ocrx_word' id='word_1_163' title='bbox 234 1558 328 1628; x_wconf 82' lang='lat' dir='ltr'><strong>licen</strong></span> <span class='ocrx_word' id='word_1_164' title='bbox 346 1564 407 1622; x_wconf 89' lang='lat' dir='ltr'><strong>aut</strong></span> <span class='ocrx_word' id='word_1_165' title='bbox 424 1551 550 1648; x_wconf 82' lang='lat' dir='ltr'><strong>docere</strong></span> <span class='ocrx_word' id='word_1_166' title='bbox 566 1559 627 1616; x_wconf 85' lang='lat' dir='ltr'><strong>aut</strong></span> <span class='ocrx_word' id='word_1_167' title='bbox 652 1561 821 1638; x_wconf 86' lang='lat' dir='ltr'><strong>repetere.</strong></span> <span class='ocrx_word' id='word_1_168' title='bbox 870 1544 962 1616; x_wconf 91' lang='lat' dir='ltr'><strong>Cum</strong></span> <span class='ocrx_word' id='word_1_169' title='bbox 984 1547 1094 1636; x_wconf 91' lang='lat' dir='ltr'><strong>igitur</strong></span> <span class='ocrx_word' id='word_1_170' title='bbox 1116 1571 1232 1638; x_wconf 74' lang='lat' dir='ltr'><strong>gram</strong></span> <span class='ocrx_word' id='word_1_171' title='bbox 1281 1545 1384 1616; x_wconf 87' lang='lat' dir='ltr'><strong>aliter</strong></span> <span class='ocrx_word' id='word_1_172' title='bbox 1398 1546 1554 1616; x_wconf 89' lang='lat' dir='ltr'><strong>mittitur</strong></span> <span class='ocrx_word' id='word_1_173' title='bbox 1574 1560 1615 1616; x_wconf 93' lang='lat' dir='ltr'><strong>ut</strong></span> <span class='ocrx_word' id='word_1_174' title='bbox 1632 1547 1680 1616; x_wconf 89' lang='lat' dir='ltr'><strong>sit</strong></span> <span class='ocrx_word' id='word_1_175' title='bbox 1695 1541 1821 1632; x_wconf 91' lang='lat' dir='ltr'><strong>homo,</strong></span> <span class='ocrx_word' id='word_1_176' title='bbox 1852 1545 1957 1616; x_wconf 89' lang='lat' dir='ltr'><strong>aliter</strong></span> <span class='ocrx_word' id='word_1_177' title='bbox 1978 1548 2090 1625; x_wconf 79' lang='lat' dir='ltr'><strong>utsit&#39;</strong></span> <span class='ocrx_word' id='word_1_178' title='bbox 2107 1569 2177 1615; x_wconf 89' lang='lat' dir='ltr'><strong>cum</strong></span> <span class='ocrx_word' id='word_1_179' title='bbox 2193 1537 2240 1611; x_wconf 92' lang='lat' dir='ltr'><strong>ho·</strong></span> 
     </span>
     <span class='ocr_line' id='line_1_14' title="bbox 233 1639 2239 1742; baseline -0.009 -14"><span class='ocrx_word' id='word_1_180' title='bbox 233 1653 362 1728; x_wconf 86' lang='lat' dir='ltr'><strong>matico</strong></span> <span class='ocrx_word' id='word_1_181' title='bbox 380 1653 511 1720; x_wconf 89' lang='lat' dir='ltr'><strong>lectore</strong></span> <span class='ocrx_word' id='word_1_182' title='bbox 526 1648 601 1718; x_wconf 85' lang='lat' dir='ltr'><strong>eius</strong></span> <span class='ocrx_word' id='word_1_183' title='bbox 617 1647 758 1737; x_wconf 89' lang='lat' dir='ltr'><strong>linguae</strong></span> <span class='ocrx_word' id='word_1_184' title='bbox 775 1648 876 1717; x_wconf 85' lang='lat' dir='ltr'><strong>vobis</strong></span> <span class='ocrx_word' id='word_1_185' title='bbox 891 1673 980 1740; x_wconf 88' lang='lat' dir='ltr'><strong>opus</strong></span> <span class='ocrx_word' id='word_1_186' title='bbox 1003 1649 1066 1732; x_wconf 86' lang='lat' dir='ltr'><strong>ait,</strong></span> <span class='ocrx_word' id='word_1_187' title='bbox 1091 1672 1233 1742; x_wconf 89' lang='lat' dir='ltr'><strong>quaeso,</strong></span> <span class='ocrx_word' id='word_1_188' title='bbox 1283 1647 1388 1720; x_wconf 86' lang='lat' dir='ltr'><strong>mine.</strong></span> <span class='ocrx_word' id='word_1_189' title='bbox 1425 1645 1550 1717; x_wconf 85' lang='lat' dir='ltr'><strong>Videte</strong></span> <span class='ocrx_word' id='word_1_190' title='bbox 1565 1647 1615 1716; x_wconf 93' lang='lat' dir='ltr'><strong>ibi</strong></span> <span class='ocrx_word' id='word_1_191' title='bbox 1630 1643 1881 1738; x_wconf 86' lang='lat' dir='ltr'><strong>Augustinum.</strong></span> <span class='ocrx_word' id='word_1_192' title='bbox 1920 1643 1969 1718; x_wconf 83' lang='lat' dir='ltr'><strong>Et</strong></span> <span class='ocrx_word' id='word_1_193' title='bbox 1984 1648 2170 1718; x_wconf 86' lang='lat' dir='ltr'><strong>recitantur</strong></span> <span class='ocrx_word' id='word_1_194' title='bbox 2180 1639 2239 1713; x_wconf 85' lang='lat' dir='ltr'><strong>hacc</strong></span> 
     </span>
     <span class='ocr_line' id='line_1_15' title="bbox 232 1743 2241 1842; baseline -0.006 -12"><span class='ocrx_word' id='word_1_195' title='bbox 232 1774 273 1830; x_wconf 88' lang='lat' dir='ltr'><strong>ut</strong></span> <span class='ocrx_word' id='word_1_196' title='bbox 292 1753 454 1828; x_wconf 84' lang='lat' dir='ltr'><strong>hortator</strong></span> <span class='ocrx_word' id='word_1_197' title='bbox 476 1751 523 1819; x_wconf 88' lang='lat' dir='ltr'><strong>sis</strong></span> <span class='ocrx_word' id='word_1_198' title='bbox 542 1751 579 1817; x_wconf 93' lang='lat' dir='ltr'><strong>in</strong></span> <span class='ocrx_word' id='word_1_199' title='bbox 599 1750 697 1834; x_wconf 89' lang='lat' dir='ltr'><strong>aula,</strong></span> <span class='ocrx_word' id='word_1_200' title='bbox 721 1763 762 1819; x_wconf 89' lang='lat' dir='ltr'><strong>ut</strong></span> <span class='ocrx_word' id='word_1_201' title='bbox 783 1745 867 1820; x_wconf 91' lang='lat' dir='ltr'><strong>huic</strong></span> <span class='ocrx_word' id='word_1_202' title='bbox 882 1751 1106 1838; x_wconf 87' lang='lat' dir='ltr'><strong>grammatica</strong></span> <span class='ocrx_word' id='word_1_203' title='bbox 1129 1749 1232 1819; x_wconf 89' lang='lat' dir='ltr'><strong>lectio</strong></span> <span class='ocrx_word' id='word_1_204' title='bbox 1282 1748 1363 1820; x_wconf 88' lang='lat' dir='ltr'><strong>dist.</strong></span> <span class='ocrx_word' id='word_1_205' title='bbox 1384 1749 1507 1842; x_wconf 91' lang='lat' dir='ltr'><strong>quinta</strong></span> <span class='ocrx_word' id='word_1_206' title='bbox 1530 1748 1665 1818; x_wconf 91' lang='lat' dir='ltr'><strong>decima</strong></span> <span class='ocrx_word' id='word_1_207' title='bbox 1692 1749 1799 1842; x_wconf 92' lang='lat' dir='ltr'><strong>primi</strong></span> <span class='ocrx_word' id='word_1_208' title='bbox 1821 1748 2088 1820; x_wconf 87' lang='lat' dir='ltr'><strong>sententiarum.</strong></span> <span class='ocrx_word' id='word_1_209' title='bbox 2134 1743 2175 1819; x_wconf 80' lang='lat' dir='ltr'><strong>Et</strong></span> <span class='ocrx_word' id='word_1_210' title='bbox 2190 1744 2241 1814; x_wconf 75' lang='lat' dir='ltr'><strong>lle·</strong></span> 
     </span>
     <span class='ocr_line' id='line_1_16' title="bbox 234 1839 2241 1946; baseline -0.007 -16"><span class='ocrx_word' id='word_1_211' title='bbox 234 1860 310 1930; x_wconf 91' lang='lat' dir='ltr'><strong>eins</strong></span> <span class='ocrx_word' id='word_1_212' title='bbox 333 1857 475 1946; x_wconf 81' lang='lat' dir='ltr'><strong>linguae</strong></span> <span class='ocrx_word' id='word_1_213' title='bbox 497 1851 775 1922; x_wconf 86' lang='lat' dir='ltr'><strong>commendetur.</strong></span> <span class='ocrx_word' id='word_1_214' title='bbox 838 1850 956 1921; x_wconf 90' lang='lat' dir='ltr'><strong>Homo</strong></span> <span class='ocrx_word' id='word_1_215' title='bbox 981 1852 1095 1922; x_wconf 87' lang='lat' dir='ltr'><strong>fidelis</strong></span> <span class='ocrx_word' id='word_1_216' title='bbox 1118 1863 1170 1920; x_wconf 91' lang='lat' dir='ltr'><strong>est</strong></span> <span class='ocrx_word' id='word_1_217' title='bbox 1194 1873 1233 1918; x_wconf 92' lang='lat' dir='ltr'><strong>ac</strong></span> <span class='ocrx_word' id='word_1_218' title='bbox 1282 1850 1466 1920; x_wconf 86' lang='lat' dir='ltr'><strong>zianzenus</strong></span> <span class='ocrx_word' id='word_1_219' title='bbox 1490 1849 1624 1944; x_wconf 90' lang='lat' dir='ltr'><strong>inquit:</strong></span> <span class='ocrx_word' id='word_1_220' title='bbox 1652 1847 1692 1922; x_wconf 77' lang='grc' dir='ltr'><strong>ἐκ</strong></span> <span class='ocrx_word' id='word_1_221' title='bbox 1714 1845 1838 1946; x_wconf 78' lang='grc' dir='ltr'><strong><em>φωτός</em></strong></span> <span class='ocrx_word' id='word_1_222' title='bbox 1864 1844 2004 1945; x_wconf 70' lang='grc' dir='ltr'><strong><em>πατρὸς</em></strong></span> <span class='ocrx_word' id='word_1_223' title='bbox 2032 1839 2241 1940; x_wconf 75' lang='grc' dir='ltr'><strong><em>καταλαμβά-</em></strong></span> 
     </span>
     <span class='ocr_line' id='line_1_17' title="bbox 235 1945 2241 2050; baseline -0.008 -18"><span class='ocrx_word' id='word_1_224' title='bbox 235 1961 409 2032; x_wconf 90' lang='lat' dir='ltr'><strong>candidus</strong></span> <span class='ocrx_word' id='word_1_225' title='bbox 431 1967 464 2024; x_wconf 93' lang='lat' dir='ltr'><strong>et</strong></span> <span class='ocrx_word' id='word_1_226' title='bbox 484 1953 580 2046; x_wconf 87' lang='lat' dir='ltr'><strong>pacis</strong></span> <span class='ocrx_word' id='word_1_227' title='bbox 599 1975 733 2026; x_wconf 88' lang='lat' dir='ltr'><strong>amans.</strong></span> <span class='ocrx_word' id='word_1_228' title='bbox 784 1949 913 2022; x_wconf 87' lang='lat' dir='ltr'><strong>Totam</strong></span> <span class='ocrx_word' id='word_1_229' title='bbox 938 1947 1122 2022; x_wconf 90' lang='lat' dir='ltr'><strong>hancrem</strong></span> <span class='ocrx_word' id='word_1_230' title='bbox 1147 1975 1233 2044; x_wconf 92' lang='lat' dir='ltr'><strong>pru·</strong></span> <span class='ocrx_word' id='word_1_231' title='bbox 1281 1953 1503 2043; x_wconf 67' lang='lat' dir='ltr'><strong>rupicapris,</strong></span> <span class='ocrx_word' id='word_1_232' title='bbox 1530 1946 1695 2024; x_wconf 79' lang='grc' dir='ltr'><strong><em>τὸυυὶὸυ</em></strong></span> <span class='ocrx_word' id='word_1_233' title='bbox 1711 1946 1922 2050; x_wconf 78' lang='grc' dir='ltr'><strong>φωιὶᾶγίῳ</strong></span> <span class='ocrx_word' id='word_1_234' title='bbox 1935 1945 2131 2044; x_wconf 74' lang='grc' dir='ltr'><strong>πνεύματι.</strong></span> <span class='ocrx_word' id='word_1_235' title='bbox 2162 1949 2241 2022; x_wconf 86' lang='lat' dir='ltr'><strong>llecte</strong></span> 
     </span>
     <span class='ocr_line' id='line_1_18' title="bbox 234 2048 2242 2144; baseline -0.008 -10"><span class='ocrx_word' id='word_1_236' title='bbox 234 2061 375 2134; x_wconf 87' lang='lat' dir='ltr'><strong>dentiae</strong></span> <span class='ocrx_word' id='word_1_237' title='bbox 390 2070 424 2127; x_wconf 91' lang='lat' dir='ltr'><strong>et</strong></span> <span class='ocrx_word' id='word_1_238' title='bbox 439 2051 522 2124; x_wconf 90' lang='lat' dir='ltr'><strong>fidei</strong></span> <span class='ocrx_word' id='word_1_239' title='bbox 538 2067 617 2123; x_wconf 86' lang='lat' dir='ltr'><strong>tuae</strong></span> <span class='ocrx_word' id='word_1_240' title='bbox 639 2057 860 2126; x_wconf 83' lang='lat' dir='ltr'><strong>commendo.</strong></span> <span class='ocrx_word' id='word_1_241' title='bbox 911 2051 1043 2144; x_wconf 89' lang='lat' dir='ltr'><strong>Scripsi</strong></span> <span class='ocrx_word' id='word_1_242' title='bbox 1069 2055 1113 2124; x_wconf 90' lang='lat' dir='ltr'><strong>de</strong></span> <span class='ocrx_word' id='word_1_243' title='bbox 1135 2079 1176 2122; x_wconf 89' lang='lat' dir='ltr'><strong>eo</strong></span> <span class='ocrx_word' id='word_1_244' title='bbox 1200 2063 1234 2122; x_wconf 85' lang='lat' dir='ltr'><strong>et</strong></span> <span class='ocrx_word' id='word_1_245' title='bbox 1284 2053 1391 2142; x_wconf 91' lang='lat' dir='ltr'><strong>igitur</strong></span> <span class='ocrx_word' id='word_1_246' title='bbox 1411 2049 1572 2124; x_wconf 89' lang='lat' dir='ltr'><strong>hicordo</strong></span> <span class='ocrx_word' id='word_1_247' title='bbox 1593 2055 1779 2142; x_wconf 89' lang='lat' dir='ltr'><strong>cogitatur:</strong></span> <span class='ocrx_word' id='word_1_248' title='bbox 1807 2079 1888 2124; x_wconf 90' lang='lat' dir='ltr'><strong>cum</strong></span> <span class='ocrx_word' id='word_1_249' title='bbox 1909 2055 2019 2122; x_wconf 88' lang='lat' dir='ltr'><strong>verbo</strong></span> <span class='ocrx_word' id='word_1_250' title='bbox 2039 2053 2147 2122; x_wconf 82' lang='lat' dir='ltr'><strong>vocali</strong></span> <span class='ocrx_word' id='word_1_251' title='bbox 2166 2048 2242 2118; x_wconf 77' lang='lat' dir='ltr'><strong>stud</strong></span> 
     </span>
     <span class='ocr_line' id='line_1_19' title="bbox 236 2146 2242 2252; baseline -0.008 -15"><span class='ocrx_word' id='word_1_252' title='bbox 236 2167 280 2237; x_wconf 91' lang='lat' dir='ltr'><strong>ad</strong></span> <span class='ocrx_word' id='word_1_253' title='bbox 296 2157 574 2232; x_wconf 88' lang='lat' dir='ltr'><strong>illustrissimum</strong></span> <span class='ocrx_word' id='word_1_254' title='bbox 591 2153 798 2246; x_wconf 89' lang='lat' dir='ltr'><strong>principem.</strong></span> <span class='ocrx_word' id='word_1_255' title='bbox 830 2154 869 2226; x_wconf 84' lang='lat' dir='ltr'><strong>si</strong></span> <span class='ocrx_word' id='word_1_256' title='bbox 884 2177 962 2246; x_wconf 89' lang='lat' dir='ltr'><strong>spes</strong></span> <span class='ocrx_word' id='word_1_257' title='bbox 975 2179 1047 2225; x_wconf 92' lang='lat' dir='ltr'><strong>non</strong></span> <span class='ocrx_word' id='word_1_258' title='bbox 1065 2155 1133 2225; x_wconf 91' lang='lat' dir='ltr'><strong>erit</strong></span> <span class='ocrx_word' id='word_1_259' title='bbox 1147 2179 1233 2224; x_wconf 86' lang='lat' dir='ltr'><strong>con·</strong></span> <span class='ocrx_word' id='word_1_260' title='bbox 1283 2176 1449 2246; x_wconf 89' lang='lat' dir='ltr'><strong>persona,</strong></span> <span class='ocrx_word' id='word_1_261' title='bbox 1474 2146 1597 2252; x_wconf 75' lang='grc' dir='ltr'><strong><em>λόγος,</em></strong></span> <span class='ocrx_word' id='word_1_262' title='bbox 1623 2167 1776 2224; x_wconf 90' lang='lat' dir='ltr'><strong>mentem</strong></span> <span class='ocrx_word' id='word_1_263' title='bbox 1795 2155 1975 2224; x_wconf 90' lang='lat' dir='ltr'><strong>illuminat</strong></span> <span class='ocrx_word' id='word_1_264' title='bbox 1990 2169 2027 2226; x_wconf 88' lang='lat' dir='ltr'><strong>et</strong></span> <span class='ocrx_word' id='word_1_265' title='bbox 2042 2153 2181 2224; x_wconf 86' lang='lat' dir='ltr'><strong>effundit</strong></span> <span class='ocrx_word' id='word_1_266' title='bbox 2193 2149 2242 2239; x_wconf 81' lang='lat' dir='ltr'><strong>spi·</strong></span> 
     </span>
     <span class='ocr_line' id='line_1_20' title="bbox 236 2247 2243 2348; baseline -0.006 -10"><span class='ocrx_word' id='word_1_267' title='bbox 236 2263 434 2340; x_wconf 89' lang='lat' dir='ltr'><strong>stituendae</strong></span> <span class='ocrx_word' id='word_1_268' title='bbox 456 2255 634 2340; x_wconf 87' lang='lat' dir='ltr'><strong>lectionis,</strong></span> <span class='ocrx_word' id='word_1_269' title='bbox 656 2255 796 2324; x_wconf 90' lang='lat' dir='ltr'><strong>curabis</strong></span> <span class='ocrx_word' id='word_1_270' title='bbox 816 2269 857 2325; x_wconf 92' lang='lat' dir='ltr'><strong>nt</strong></span> <span class='ocrx_word' id='word_1_271' title='bbox 878 2255 916 2323; x_wconf 91' lang='lat' dir='ltr'><strong>in</strong></span> <span class='ocrx_word' id='word_1_272' title='bbox 934 2253 1090 2327; x_wconf 87' lang='lat' dir='ltr'><strong>Ecclesia</strong></span> <span class='ocrx_word' id='word_1_273' title='bbox 1114 2255 1233 2348; x_wconf 89' lang='lat' dir='ltr'><strong>aliqua</strong></span> <span class='ocrx_word' id='word_1_274' title='bbox 1283 2255 1390 2326; x_wconf 90' lang='lat' dir='ltr'><strong>ritum</strong></span> <span class='ocrx_word' id='word_1_275' title='bbox 1406 2269 1578 2340; x_wconf 86' lang='lat' dir='ltr'><strong>sanctum,</strong></span> <span class='ocrx_word' id='word_1_276' title='bbox 1592 2256 1652 2348; x_wconf 91' lang='lat' dir='ltr'><strong>qui</strong></span> <span class='ocrx_word' id='word_1_277' title='bbox 1668 2255 1806 2326; x_wconf 82' lang='lat' dir='ltr'><strong>addidit</strong></span> <span class='ocrx_word' id='word_1_278' title='bbox 1822 2269 1939 2326; x_wconf 87' lang='lat' dir='ltr'><strong>motus</strong></span> <span class='ocrx_word' id='word_1_279' title='bbox 1956 2272 1988 2326; x_wconf 91' lang='lat' dir='ltr'><strong>et</strong></span> <span class='ocrx_word' id='word_1_280' title='bbox 2007 2255 2178 2328; x_wconf 88' lang='lat' dir='ltr'><strong>laetitiam.</strong></span> <span class='ocrx_word' id='word_1_281' title='bbox 2204 2247 2243 2330; x_wconf 76' lang='lat' dir='ltr'><strong>ll.</strong></span> 
     </span>
     <span class='ocr_line' id='line_1_21' title="bbox 237 2352 2245 2450; baseline -0.008 -12"><span class='ocrx_word' id='word_1_282' title='bbox 237 2363 390 2438; x_wconf 90' lang='lat' dir='ltr'><strong>docendi</strong></span> <span class='ocrx_word' id='word_1_283' title='bbox 407 2361 523 2430; x_wconf 90' lang='lat' dir='ltr'><strong>locum</strong></span> <span class='ocrx_word' id='word_1_284' title='bbox 541 2352 679 2430; x_wconf 85' lang='lat' dir='ltr'><strong>habeat.</strong></span> <span class='ocrx_word' id='word_1_285' title='bbox 722 2355 832 2426; x_wconf 87' lang='lat' dir='ltr'><strong>Liber</strong></span> <span class='ocrx_word' id='word_1_286' title='bbox 847 2353 1086 2429; x_wconf 83' lang='lat' dir='ltr'><strong>Ecclesiarum</strong></span> <span class='ocrx_word' id='word_1_287' title='bbox 1100 2369 1232 2427; x_wconf 83' lang='lat' dir='ltr'><strong>vestra·</strong></span> <span class='ocrx_word' id='word_1_288' title='bbox 1283 2381 1361 2426; x_wconf 90' lang='lat' dir='ltr'><strong>cum</strong></span> <span class='ocrx_word' id='word_1_289' title='bbox 1377 2357 1582 2450; x_wconf 88' lang='lat' dir='ltr'><strong>loqueretur</strong></span> <span class='ocrx_word' id='word_1_290' title='bbox 1598 2359 1635 2427; x_wconf 88' lang='lat' dir='ltr'><strong>iu</strong></span> <span class='ocrx_word' id='word_1_291' title='bbox 1653 2355 1819 2428; x_wconf 88' lang='lat' dir='ltr'><strong>Paradiso</strong></span> <span class='ocrx_word' id='word_1_292' title='bbox 1837 2358 1941 2442; x_wconf 90' lang='lat' dir='ltr'><strong>lilius,</strong></span> <span class='ocrx_word' id='word_1_293' title='bbox 1966 2357 2056 2428; x_wconf 84' lang='lat' dir='ltr'><strong>ioris</strong></span> <span class='ocrx_word' id='word_1_294' title='bbox 2072 2358 2245 2428; x_wconf 86' lang='lat' dir='ltr'><strong>audiebatur</strong></span> 
     </span>
     <span class='ocr_line' id='line_1_22' title="bbox 237 2451 2244 2550; baseline -0.007 -14"><span class='ocrx_word' id='word_1_295' title='bbox 237 2492 319 2542; x_wconf 84' lang='lat' dir='ltr'><strong>rum</strong></span> <span class='ocrx_word' id='word_1_296' title='bbox 335 2487 432 2534; x_wconf 90' lang='lat' dir='ltr'><strong>nnnc</strong></span> <span class='ocrx_word' id='word_1_297' title='bbox 446 2459 639 2538; x_wconf 89' lang='lat' dir='ltr'><strong>recuditur,</strong></span> <span class='ocrx_word' id='word_1_298' title='bbox 666 2458 793 2550; x_wconf 88' lang='lat' dir='ltr'><strong>inquo</strong></span> <span class='ocrx_word' id='word_1_299' title='bbox 811 2457 934 2528; x_wconf 86' lang='lat' dir='ltr'><strong>e‘tside</strong></span> <span class='ocrx_word' id='word_1_300' title='bbox 952 2451 1232 2530; x_wconf 89' lang='lat' dir='ltr'><strong>sententianihil</strong></span> <span class='ocrx_word' id='word_1_301' title='bbox 1284 2458 1429 2528; x_wconf 86' lang='lat' dir='ltr'><strong>verbum</strong></span> <span class='ocrx_word' id='word_1_302' title='bbox 1448 2460 1587 2544; x_wconf 88' lang='lat' dir='ltr'><strong>vocale,</strong></span> <span class='ocrx_word' id='word_1_303' title='bbox 1613 2459 1708 2530; x_wconf 88' lang='lat' dir='ltr'><strong>intus</strong></span> <span class='ocrx_word' id='word_1_304' title='bbox 1729 2473 1845 2528; x_wconf 86' lang='lat' dir='ltr'><strong>antem</strong></span> <span class='ocrx_word' id='word_1_305' title='bbox 1874 2483 1973 2528; x_wconf 91' lang='lat' dir='ltr'><strong>mens</strong></span> <span class='ocrx_word' id='word_1_306' title='bbox 1995 2461 2194 2529; x_wconf 89' lang='lat' dir='ltr'><strong>movebatur</strong></span> <span class='ocrx_word' id='word_1_307' title='bbox 2208 2455 2244 2544; x_wconf 81' lang='grc' dir='ltr'>ιῴ</span> 
     </span>
     <span class='ocr_line' id='line_1_23' title="bbox 238 2551 2244 2656; baseline -0.009 -14"><span class='ocrx_word' id='word_1_308' title='bbox 238 2582 414 2644; x_wconf 79' lang='lat' dir='ltr'><strong>rouretum</strong></span> <span class='ocrx_word' id='word_1_309' title='bbox 433 2577 502 2648; x_wconf 90' lang='lat' dir='ltr'><strong>est,</strong></span> <span class='ocrx_word' id='word_1_310' title='bbox 528 2575 643 2631; x_wconf 88' lang='lat' dir='ltr'><strong>tamen</strong></span> <span class='ocrx_word' id='word_1_311' title='bbox 666 2561 840 2652; x_wconf 86' lang='lat' dir='ltr'><strong>quaedam</strong></span> <span class='ocrx_word' id='word_1_312' title='bbox 861 2559 1008 2630; x_wconf 89' lang='lat' dir='ltr'><strong>recitare</strong></span> <span class='ocrx_word' id='word_1_313' title='bbox 1030 2559 1234 2652; x_wconf 84' lang='lat' dir='ltr'><strong>explicatius</strong></span> <span class='ocrx_word' id='word_1_314' title='bbox 1282 2551 1394 2656; x_wconf 75' lang='grc' dir='ltr'><strong><em>λόγῳ,</em></strong></span> <span class='ocrx_word' id='word_1_315' title='bbox 1418 2569 1453 2628; x_wconf 85' lang='lat' dir='ltr'><strong>ee</strong></span> <span class='ocrx_word' id='word_1_316' title='bbox 1467 2559 1651 2650; x_wconf 84' lang='lat' dir='ltr'><strong>cogitabat,</strong></span> <span class='ocrx_word' id='word_1_317' title='bbox 1674 2560 1786 2632; x_wconf 87' lang='lat' dir='ltr'><strong>Deum</strong></span> <span class='ocrx_word' id='word_1_318' title='bbox 1804 2575 1937 2651; x_wconf 91' lang='lat' dir='ltr'><strong>patrem</strong></span> <span class='ocrx_word' id='word_1_319' title='bbox 1952 2560 2072 2630; x_wconf 92' lang='lat' dir='ltr'><strong>dicere</strong></span> <span class='ocrx_word' id='word_1_320' title='bbox 2087 2555 2169 2630; x_wconf 91' lang='lat' dir='ltr'><strong>hanc</strong></span> <span class='ocrx_word' id='word_1_321' title='bbox 2184 2581 2244 2624; x_wconf 87' lang='lat' dir='ltr'><strong>can·</strong></span> 
     </span>
     <span class='ocr_line' id='line_1_24' title="bbox 237 2653 2244 2754; baseline -0.008 -11"><span class='ocrx_word' id='word_1_322' title='bbox 237 2681 391 2743; x_wconf 84' lang='lat' dir='ltr'><strong>conatus.</strong></span> <span class='ocrx_word' id='word_1_323' title='bbox 402 2689 499 2748; x_wconf 86' lang='lat' dir='ltr'><strong>sum,</strong></span> <span class='ocrx_word' id='word_1_324' title='bbox 524 2677 564 2733; x_wconf 94' lang='grc' dir='ltr'><strong>ιιι</strong></span> <span class='ocrx_word' id='word_1_325' title='bbox 582 2660 729 2734; x_wconf 88' lang='lat' dir='ltr'><strong>videbis.</strong></span> <span class='ocrx_word' id='word_1_326' title='bbox 782 2657 890 2731; x_wconf 88' lang='lat' dir='ltr'><strong>Mitto</strong></span> <span class='ocrx_word' id='word_1_327' title='bbox 905 2675 940 2732; x_wconf 91' lang='lat' dir='ltr'><strong>et</strong></span> <span class='ocrx_word' id='word_1_328' title='bbox 955 2661 1022 2732; x_wconf 88' lang='lat' dir='ltr'><strong>tibi</strong></span> <span class='ocrx_word' id='word_1_329' title='bbox 1036 2653 1237 2732; x_wconf 83' lang='lat' dir='ltr'><strong>etDavidi</strong></span> <span class='ocrx_word' id='word_1_330' title='bbox 1284 2661 1491 2730; x_wconf 87' lang='lat' dir='ltr'><strong>solationem</strong></span> <span class='ocrx_word' id='word_1_331' title='bbox 1508 2661 1686 2754; x_wconf 88' lang='lat' dir='ltr'><strong>perillum</strong></span> <span class='ocrx_word' id='word_1_332' title='bbox 1705 2661 1927 2754; x_wconf 90' lang='lat' dir='ltr'><strong>loquentem,</strong></span> <span class='ocrx_word' id='word_1_333' title='bbox 1953 2675 1986 2731; x_wconf 87' lang='lat' dir='ltr'><strong>et</strong></span> <span class='ocrx_word' id='word_1_334' title='bbox 2002 2663 2131 2732; x_wconf 82' lang='lat' dir='ltr'><strong>deinde</strong></span> <span class='ocrx_word' id='word_1_335' title='bbox 2147 2657 2244 2730; x_wconf 81' lang='lat' dir='ltr'><strong>sentir-</strong></span> 
     </span>
     <span class='ocr_line' id='line_1_25' title="bbox 238 2757 2245 2868; baseline -0.008 -28"><span class='ocrx_word' id='word_1_336' title='bbox 238 2769 462 2868; x_wconf 85' lang='lat' dir='ltr'><strong>quaestiones</strong></span> <span class='ocrx_word' id='word_1_337' title='bbox 485 2765 525 2833; x_wconf 91' lang='lat' dir='ltr'><strong>in</strong></span> <span class='ocrx_word' id='word_1_338' title='bbox 549 2758 615 2832; x_wconf 88' lang='lat' dir='ltr'><strong>hac</strong></span> <span class='ocrx_word' id='word_1_339' title='bbox 634 2763 769 2855; x_wconf 87' lang='lat' dir='ltr'><strong>pagella</strong></span> <span class='ocrx_word' id='word_1_340' title='bbox 794 2762 924 2859; x_wconf 84' lang='lat' dir='ltr'><strong>inserta</strong></span> <span class='ocrx_word' id='word_1_341' title='bbox 947 2757 1032 2832; x_wconf 91' lang='lat' dir='ltr'><strong>huic</strong></span> <span class='ocrx_word' id='word_1_342' title='bbox 1055 2761 1235 2856; x_wconf 86' lang='lat' dir='ltr'><strong>epistolae,</strong></span> <span class='ocrx_word' id='word_1_343' title='bbox 1285 2765 1369 2832; x_wconf 90' lang='lat' dir='ltr'><strong>bant</strong></span> <span class='ocrx_word' id='word_1_344' title='bbox 1392 2762 1559 2833; x_wconf 89' lang='lat' dir='ltr'><strong>laetitiam</strong></span> <span class='ocrx_word' id='word_1_345' title='bbox 1577 2779 1610 2834; x_wconf 92' lang='lat' dir='ltr'><strong>et</strong></span> <span class='ocrx_word' id='word_1_346' title='bbox 1623 2777 1741 2832; x_wconf 88' lang='lat' dir='ltr'><strong>motus</strong></span> <span class='ocrx_word' id='word_1_347' title='bbox 1756 2785 1879 2832; x_wconf 86' lang='lat' dir='ltr'><strong>novos.</strong></span> <span class='ocrx_word' id='word_1_348' title='bbox 1931 2759 2104 2834; x_wconf 79' lang='lat' dir='ltr'><strong>ltafilius</strong></span> <span class='ocrx_word' id='word_1_349' title='bbox 2126 2757 2245 2831; x_wconf 87' lang='lat' dir='ltr'><strong>ostendit</strong></span> 
     </span>
     <span class='ocr_line' id='line_1_26' title="bbox 238 2859 2246 2965; baseline -0.009 -20"><span class='ocrx_word' id='word_1_350' title='bbox 238 2877 284 2945; x_wconf 88' lang='lat' dir='ltr'><strong>dc</strong></span> <span class='ocrx_word' id='word_1_351' title='bbox 310 2871 439 2965; x_wconf 91' lang='lat' dir='ltr'><strong>quibus</strong></span> <span class='ocrx_word' id='word_1_352' title='bbox 462 2866 614 2956; x_wconf 86' lang='lat' dir='ltr'><strong>cogitare</strong></span> <span class='ocrx_word' id='word_1_353' title='bbox 643 2888 705 2934; x_wconf 92' lang='lat' dir='ltr'><strong>vos</strong></span> <span class='ocrx_word' id='word_1_354' title='bbox 726 2863 833 2932; x_wconf 89' lang='lat' dir='ltr'><strong>velim</strong></span> <span class='ocrx_word' id='word_1_355' title='bbox 859 2876 894 2932; x_wconf 94' lang='lat' dir='ltr'><strong>et</strong></span> <span class='ocrx_word' id='word_1_356' title='bbox 916 2859 1008 2934; x_wconf 91' lang='lat' dir='ltr'><strong>mihi</strong></span> <span class='ocrx_word' id='word_1_357' title='bbox 1032 2863 1235 2936; x_wconf 83' lang='lat' dir='ltr'><strong>rescribere.</strong></span> <span class='ocrx_word' id='word_1_358' title='bbox 1285 2878 1441 2958; x_wconf 91' lang='lat' dir='ltr'><strong>patrem,</strong></span> <span class='ocrx_word' id='word_1_359' title='bbox 1479 2877 1513 2934; x_wconf 89' lang='lat' dir='ltr'><strong>et</strong></span> <span class='ocrx_word' id='word_1_360' title='bbox 1533 2865 1593 2934; x_wconf 83' lang='lat' dir='ltr'><strong>lux</strong></span> <span class='ocrx_word' id='word_1_361' title='bbox 1616 2865 1790 2958; x_wconf 89' lang='lat' dir='ltr'><strong>quaedam</strong></span> <span class='ocrx_word' id='word_1_362' title='bbox 1820 2863 1996 2955; x_wconf 88' lang='lat' dir='ltr'><strong>praecedit</strong></span> <span class='ocrx_word' id='word_1_363' title='bbox 2029 2865 2187 2936; x_wconf 83' lang='lat' dir='ltr'><strong>laetitiam</strong></span> <span class='ocrx_word' id='word_1_364' title='bbox 2206 2881 2246 2926; x_wconf 85' lang='lat' dir='ltr'><strong>seu</strong></span> 
     </span>
     <span class='ocr_line' id='line_1_27' title="bbox 239 2965 2246 3061; baseline -0.011 -13"><span class='ocrx_word' id='word_1_365' title='bbox 239 2973 386 3048; x_wconf 89' lang='lat' dir='ltr'><strong>Utinam</strong></span> <span class='ocrx_word' id='word_1_366' title='bbox 404 2991 505 3061; x_wconf 86' lang='lat' dir='ltr'><strong>saepe</strong></span> <span class='ocrx_word' id='word_1_367' title='bbox 520 2965 675 3058; x_wconf 89' lang='lat' dir='ltr'><strong>colloqui</strong></span> <span class='ocrx_word' id='word_1_368' title='bbox 691 2965 810 3058; x_wconf 88' lang='lat' dir='ltr'><strong>plures</strong></span> <span class='ocrx_word' id='word_1_369' title='bbox 826 2965 877 3056; x_wconf 91' lang='lat' dir='ltr'><strong>pii</strong></span> <span class='ocrx_word' id='word_1_370' title='bbox 897 2980 930 3036; x_wconf 93' lang='lat' dir='ltr'><strong>et</strong></span> <span class='ocrx_word' id='word_1_371' title='bbox 945 2968 1112 3037; x_wconf 86' lang='lat' dir='ltr'><strong>virtutem</strong></span> <span class='ocrx_word' id='word_1_372' title='bbox 1129 2989 1236 3059; x_wconf 88' lang='lat' dir='ltr'><strong>quae·</strong></span> <span class='ocrx_word' id='word_1_373' title='bbox 1287 2979 1418 3036; x_wconf 70' lang='lat' dir='ltr'><strong>orantus:</strong></span> <span class='ocrx_word' id='word_1_374' title='bbox 1445 2967 1540 3058; x_wconf 91' lang='lat' dir='ltr'><strong>quod</strong></span> <span class='ocrx_word' id='word_1_375' title='bbox 1556 2965 1661 3036; x_wconf 90' lang='lat' dir='ltr'><strong>etiam</strong></span> <span class='ocrx_word' id='word_1_376' title='bbox 1676 2965 1889 3058; x_wconf 84' lang='lat' dir='ltr'><strong>experientia</strong></span> <span class='ocrx_word' id='word_1_377' title='bbox 1902 2968 2072 3040; x_wconf 89' lang='lat' dir='ltr'><strong>ostendit.</strong></span> <span class='ocrx_word' id='word_1_378' title='bbox 2105 2965 2144 3034; x_wconf 90' lang='lat' dir='ltr'><strong>ln</strong></span> <span class='ocrx_word' id='word_1_379' title='bbox 2160 2975 2246 3031; x_wconf 86' lang='lat' dir='ltr'><strong>mente</strong></span> 
     </span>
     <span class='ocr_line' id='line_1_28' title="bbox 239 3060 2247 3166; baseline -0.006 -19"><span class='ocrx_word' id='word_1_380' title='bbox 239 3089 358 3147; x_wconf 89' lang='lat' dir='ltr'><strong>rentes</strong></span> <span class='ocrx_word' id='word_1_381' title='bbox 373 3083 525 3164; x_wconf 89' lang='lat' dir='ltr'><strong>possent.</strong></span> <span class='ocrx_word' id='word_1_382' title='bbox 577 3064 630 3137; x_wconf 89' lang='lat' dir='ltr'><strong>Ac</strong></span> <span class='ocrx_word' id='word_1_383' title='bbox 645 3067 817 3159; x_wconf 88' lang='lat' dir='ltr'><strong>praecipit</strong></span> <span class='ocrx_word' id='word_1_384' title='bbox 837 3067 920 3138; x_wconf 90' lang='lat' dir='ltr'><strong>talia</strong></span> <span class='ocrx_word' id='word_1_385' title='bbox 938 3066 1114 3162; x_wconf 90' lang='lat' dir='ltr'><strong>colloquia</strong></span> <span class='ocrx_word' id='word_1_386' title='bbox 1130 3065 1236 3152; x_wconf 87' lang='lat' dir='ltr'><strong>Deus,</strong></span> <span class='ocrx_word' id='word_1_387' title='bbox 1287 3067 1445 3138; x_wconf 89' lang='lat' dir='ltr'><strong>mulieris</strong></span> <span class='ocrx_word' id='word_1_388' title='bbox 1459 3091 1649 3136; x_wconf 82' lang='lat' dir='ltr'><strong>conversae</strong></span> <span class='ocrx_word' id='word_1_389' title='bbox 1671 3060 1779 3166; x_wconf 74' lang='grc' dir='ltr'><strong><em>λόγος</em></strong></span> <span class='ocrx_word' id='word_1_390' title='bbox 1794 3067 1896 3138; x_wconf 89' lang='lat' dir='ltr'><strong>dicit:</strong></span> <span class='ocrx_word' id='word_1_391' title='bbox 1923 3063 2021 3138; x_wconf 83' lang='lat' dir='ltr'><strong>Deus</strong></span> <span class='ocrx_word' id='word_1_392' title='bbox 2048 3083 2143 3161; x_wconf 89' lang='lat' dir='ltr'><strong>pater</strong></span> <span class='ocrx_word' id='word_1_393' title='bbox 2157 3063 2247 3135; x_wconf 85' lang='lat' dir='ltr'><strong>remit·</strong></span> 
     </span>
     <span class='ocr_line' id='line_1_29' title="bbox 239 3161 2247 3288; baseline -0.008 -42"><span class='ocrx_word' id='word_1_394' title='bbox 239 3200 330 3272; x_wconf 87' lang='lat' dir='ltr'><strong>qnae</strong></span> <span class='ocrx_word' id='word_1_395' title='bbox 345 3197 418 3244; x_wconf 91' lang='lat' dir='ltr'><strong>non</strong></span> <span class='ocrx_word' id='word_1_396' title='bbox 434 3167 640 3242; x_wconf 84' lang='lat' dir='ltr'><strong>exulceratis</strong></span> <span class='ocrx_word' id='word_1_397' title='bbox 656 3169 784 3238; x_wconf 85' lang='lat' dir='ltr'><strong>animis</strong></span> <span class='ocrx_word' id='word_1_398' title='bbox 798 3169 857 3239; x_wconf 90' lang='lat' dir='ltr'><strong>sed</strong></span> <span class='ocrx_word' id='word_1_399' title='bbox 874 3168 1029 3240; x_wconf 89' lang='lat' dir='ltr'><strong>veritatis</strong></span> <span class='ocrx_word' id='word_1_400' title='bbox 1044 3191 1162 3242; x_wconf 89' lang='lat' dir='ltr'><strong>amore</strong></span> <span class='ocrx_word' id='word_1_401' title='bbox 1178 3168 1236 3236; x_wconf 88' lang='lat' dir='ltr'><strong>in·</strong></span> <span class='ocrx_word' id='word_1_402' title='bbox 1286 3171 1329 3240; x_wconf 93' lang='lat' dir='ltr'><strong>tit</strong></span> <span class='ocrx_word' id='word_1_403' title='bbox 1342 3168 1408 3238; x_wconf 91' lang='lat' dir='ltr'><strong>tibi</strong></span> <span class='ocrx_word' id='word_1_404' title='bbox 1432 3182 1582 3260; x_wconf 87' lang='lat' dir='ltr'><strong>peccata.</strong></span> <span class='ocrx_word' id='word_1_405' title='bbox 1634 3163 1705 3238; x_wconf 90' lang='lat' dir='ltr'><strong>Hic</strong></span> <span class='ocrx_word' id='word_1_406' title='bbox 1726 3161 1833 3288; x_wconf 43' lang='grc' dir='ltr'><strong><em>λόχος</em></strong></span> <span class='ocrx_word' id='word_1_407' title='bbox 1852 3167 1989 3238; x_wconf 83' lang='lat' dir='ltr'><strong>deinde</strong></span> <span class='ocrx_word' id='word_1_408' title='bbox 2002 3170 2152 3238; x_wconf 77' lang='lat' dir='ltr'><strong>effundit</strong></span> <span class='ocrx_word' id='word_1_409' title='bbox 2171 3163 2247 3256; x_wconf 88' lang='lat' dir='ltr'><strong>spiri·</strong></span> 
     </span>
     <span class='ocr_line' id='line_1_30' title="bbox 216 3265 2247 3366; baseline -0.005 -17"><span class='ocrx_word' id='word_1_410' title='bbox 216 3325 219 3330; x_wconf 34' lang='grc' dir='ltr'><strong>ι</strong></span> <span class='ocrx_word' id='word_1_411' title='bbox 241 3280 458 3360; x_wconf 90' lang='lat' dir='ltr'><strong>stituuntnr,</strong></span> <span class='ocrx_word' id='word_1_412' title='bbox 482 3287 523 3342; x_wconf 94' lang='lat' dir='ltr'><strong>ut</strong></span> <span class='ocrx_word' id='word_1_413' title='bbox 537 3269 708 3361; x_wconf 87' lang='lat' dir='ltr'><strong>scriptum</strong></span> <span class='ocrx_word' id='word_1_414' title='bbox 723 3285 774 3338; x_wconf 91' lang='lat' dir='ltr'><strong>est</strong></span> <span class='ocrx_word' id='word_1_415' title='bbox 795 3271 833 3339; x_wconf 93' lang='lat' dir='ltr'><strong>in</strong></span> <span class='ocrx_word' id='word_1_416' title='bbox 849 3270 1024 3343; x_wconf 90' lang='lat' dir='ltr'><strong>Siracide:</strong></span> <span class='ocrx_word' id='word_1_417' title='bbox 1054 3265 1148 3364; x_wconf 77' lang='grc' dir='ltr'><em>μετὰ</em></span> <span class='ocrx_word' id='word_1_418' title='bbox 1173 3291 1236 3340; x_wconf 86' lang='grc' dir='ltr'><strong>σο-</strong></span> <span class='ocrx_word' id='word_1_419' title='bbox 1286 3286 1359 3343; x_wconf 92' lang='lat' dir='ltr'><strong>tum</strong></span> <span class='ocrx_word' id='word_1_420' title='bbox 1376 3283 1555 3353; x_wconf 87' lang='lat' dir='ltr'><strong>sanctum,</strong></span> <span class='ocrx_word' id='word_1_421' title='bbox 1579 3270 1640 3366; x_wconf 89' lang='lat' dir='ltr'><strong>qui</strong></span> <span class='ocrx_word' id='word_1_422' title='bbox 1657 3269 1825 3340; x_wconf 83' lang='lat' dir='ltr'><strong>laetitsam</strong></span> <span class='ocrx_word' id='word_1_423' title='bbox 1841 3283 1876 3340; x_wconf 91' lang='lat' dir='ltr'><strong>et</strong></span> <span class='ocrx_word' id='word_1_424' title='bbox 1895 3293 2007 3340; x_wconf 87' lang='lat' dir='ltr'><strong>novos</strong></span> <span class='ocrx_word' id='word_1_425' title='bbox 2033 3285 2147 3341; x_wconf 84' lang='lat' dir='ltr'><strong>naotus</strong></span> <span class='ocrx_word' id='word_1_426' title='bbox 2162 3266 2247 3336; x_wconf 79' lang='lat' dir='ltr'><strong>officit.</strong></span> 
     </span>
     <span class='ocr_line' id='line_1_31' title="bbox 240 3361 2248 3477; baseline -0.009 -25"><span class='ocrx_word' id='word_1_427' title='bbox 240 3383 327 3477; x_wconf 79' lang='grc' dir='ltr'><strong>φῶν</strong></span> <span class='ocrx_word' id='word_1_428' title='bbox 343 3365 616 3470; x_wconf 80' lang='grc' dir='ltr'><strong><em>ουμβουλιόυυ,</em></strong></span> <span class='ocrx_word' id='word_1_429' title='bbox 643 3367 707 3444; x_wconf 82' lang='lat' dir='ltr'><strong>aeni</strong></span> <span class='ocrx_word' id='word_1_430' title='bbox 719 3365 813 3464; x_wconf 77' lang='grc' dir='ltr'><em>μετὰ</em></span> <span class='ocrx_word' id='word_1_431' title='bbox 828 3378 993 3447; x_wconf 74' lang='grc' dir='ltr'><strong><em>συνετῶν</em></strong></span> <span class='ocrx_word' id='word_1_432' title='bbox 1008 3366 1236 3446; x_wconf 64' lang='lat' dir='ltr'><strong>tarandro</strong></span> <span class='ocrx_word' id='word_1_433' title='bbox 1290 3371 1340 3443; x_wconf 91' lang='lat' dir='ltr'><strong>lta</strong></span> <span class='ocrx_word' id='word_1_434' title='bbox 1363 3367 1430 3441; x_wconf 92' lang='lat' dir='ltr'><strong>boc</strong></span> <span class='ocrx_word' id='word_1_435' title='bbox 1453 3371 1579 3442; x_wconf 91' lang='lat' dir='ltr'><strong>ordine</strong></span> <span class='ocrx_word' id='word_1_436' title='bbox 1600 3373 1705 3442; x_wconf 82' lang='lat' dir='ltr'><strong>sinaul</strong></span> <span class='ocrx_word' id='word_1_437' title='bbox 1729 3385 1810 3442; x_wconf 87' lang='lat' dir='ltr'><strong>sunt</strong></span> <span class='ocrx_word' id='word_1_438' title='bbox 1837 3395 2017 3462; x_wconf 83' lang='lat' dir='ltr'><strong>personae.</strong></span> <span class='ocrx_word' id='word_1_439' title='bbox 2080 3371 2145 3442; x_wconf 86' lang='lat' dir='ltr'><strong>Per</strong></span> <span class='ocrx_word' id='word_1_440' title='bbox 2165 3361 2248 3462; x_wconf 73' lang='grc' dir='ltr'><strong><em>λόγοι</em></strong></span> 
     </span>
    </p>
   </div>
   <div class='ocr_carea' id='block_1_3' title="bbox 117 3465 2248 3579">
    <p class='ocr_par' dir='ltr' id='par_1_3' title="bbox 117 3465 2248 3579">
     <span class='ocr_line' id='line_1_32' title="bbox 117 3465 2248 3579; baseline -0.01 -26"><span class='ocrx_word' id='word_1_441' title='bbox 117 3515 119 3522; x_wconf 27' lang='grc' dir='ltr'><strong>ι</strong></span> <span class='ocrx_word' id='word_1_442' title='bbox 241 3473 417 3579; x_wconf 75' lang='grc' dir='ltr'><strong>λογισμός</strong></span> <span class='ocrx_word' id='word_1_443' title='bbox 437 3497 524 3560; x_wconf 85' lang='grc' dir='ltr'><strong><em>σου,</em></strong></span> <span class='ocrx_word' id='word_1_444' title='bbox 544 3469 619 3546; x_wconf 81' lang='grc' dir='ltr'><strong>’καὶ</strong></span> <span class='ocrx_word' id='word_1_445' title='bbox 642 3477 744 3548; x_wconf 81' lang='grc' dir='ltr'><strong><em>πᾶσα</em></strong></span> <span class='ocrx_word' id='word_1_446' title='bbox 772 3465 940 3570; x_wconf 75' lang='grc' dir='ltr'><strong>όιήγησίς</strong></span> <span class='ocrx_word' id='word_1_447' title='bbox 970 3494 1039 3546; x_wconf 89' lang='grc' dir='ltr'><strong>σου</strong></span> <span class='ocrx_word' id='word_1_448' title='bbox 1068 3466 1236 3566; x_wconf 72' lang='grc' dir='ltr'><strong><em>ἐννόμῳ</em></strong></span> <span class='ocrx_word' id='word_1_449' title='bbox 1287 3473 1486 3544; x_wconf 89' lang='lat' dir='ltr'><strong>ostenditur</strong></span> <span class='ocrx_word' id='word_1_450' title='bbox 1500 3488 1600 3566; x_wconf 87' lang='lat' dir='ltr'><strong>pater</strong></span> <span class='ocrx_word' id='word_1_451' title='bbox 1620 3487 1654 3544; x_wconf 85' lang='lat' dir='ltr'><strong>et</strong></span> <span class='ocrx_word' id='word_1_452' title='bbox 1669 3475 1774 3542; x_wconf 89' lang='lat' dir='ltr'><strong>datur</strong></span> <span class='ocrx_word' id='word_1_453' title='bbox 1796 3475 1943 3566; x_wconf 85' lang='lat' dir='ltr'><strong>spiritus</strong></span> <span class='ocrx_word' id='word_1_454' title='bbox 1964 3487 2126 3554; x_wconf 85' lang='lat' dir='ltr'><strong>sanctus,</strong></span> <span class='ocrx_word' id='word_1_455' title='bbox 2150 3467 2248 3563; x_wconf 84' lang='lat' dir='ltr'><strong>quisa-</strong></span> 
     </span>
    </p>
   </div>
   <div class='ocr_carea' id='block_1_4' title="bbox 239 3565 2248 4359">
    <p class='ocr_par' dir='ltr' id='par_1_4' title="bbox 239 3565 2246 3679">
     <span class='ocr_line' id='line_1_33' title="bbox 239 3565 2246 3679; baseline -0.009 -27"><span class='ocrx_word' id='word_1_456' title='bbox 239 3577 414 3679; x_wconf 80' lang='grc' dir='ltr'><strong><em>ὑψίστου.</em></strong></span> <span class='ocrx_word' id='word_1_457' title='bbox 466 3573 563 3646; x_wconf 89' lang='lat' dir='ltr'><strong>Bene</strong></span> <span class='ocrx_word' id='word_1_458' title='bbox 582 3576 660 3644; x_wconf 84' lang='lat' dir='ltr'><strong>vale</strong></span> <span class='ocrx_word' id='word_1_459' title='bbox 684 3588 719 3646; x_wconf 88' lang='lat' dir='ltr'><strong>et</strong></span> <span class='ocrx_word' id='word_1_460' title='bbox 738 3575 903 3648; x_wconf 88' lang='lat' dir='ltr'><strong>rescribe.</strong></span> <span class='ocrx_word' id='word_1_461' title='bbox 954 3574 1111 3646; x_wconf 87' lang='lat' dir='ltr'><strong>Salutem</strong></span> <span class='ocrx_word' id='word_1_462' title='bbox 1134 3573 1236 3644; x_wconf 85' lang='lat' dir='ltr'><strong>vobis</strong></span> <span class='ocrx_word' id='word_1_463' title='bbox 1287 3577 1335 3646; x_wconf 91' lang='lat' dir='ltr'><strong>cit</strong></span> <span class='ocrx_word' id='word_1_464' title='bbox 1357 3588 1390 3644; x_wconf 88' lang='lat' dir='ltr'><strong>et</strong></span> <span class='ocrx_word' id='word_1_465' title='bbox 1412 3575 1536 3644; x_wconf 88' lang='lat' dir='ltr'><strong>laetari</strong></span> <span class='ocrx_word' id='word_1_466' title='bbox 1559 3600 1620 3664; x_wconf 78' lang='lat' dir='ltr'><strong>cor</strong></span> <span class='ocrx_word' id='word_1_467' title='bbox 1641 3569 1679 3644; x_wconf 88' lang='lat' dir='ltr'><strong>in</strong></span> <span class='ocrx_word' id='word_1_468' title='bbox 1702 3587 1774 3646; x_wconf 89' lang='lat' dir='ltr'><strong>tota</strong></span> <span class='ocrx_word' id='word_1_469' title='bbox 1792 3573 1996 3654; x_wconf 89' lang='lat' dir='ltr'><strong>divinitate,</strong></span> <span class='ocrx_word' id='word_1_470' title='bbox 2021 3565 2246 3664; x_wconf 87' lang='lat' dir='ltr'><strong>etimpellitad</strong></span> 
     </span>
    </p>

    <p class='ocr_par' dir='ltr' id='par_1_5' title="bbox 240 3664 2248 3772">
     <span class='ocr_line' id='line_1_34' title="bbox 240 3664 2248 3772; baseline -0.006 -18"><span class='ocrx_word' id='word_1_471' title='bbox 240 3683 408 3756; x_wconf 89' lang='lat' dir='ltr'><strong>omnibus</strong></span> <span class='ocrx_word' id='word_1_472' title='bbox 420 3691 515 3772; x_wconf 89' lang='lat' dir='ltr'><strong>opto.</strong></span> <span class='ocrx_word' id='word_1_473' title='bbox 565 3674 633 3748; x_wconf 88' lang='lat' dir='ltr'><strong>Die</strong></span> <span class='ocrx_word' id='word_1_474' title='bbox 648 3675 693 3751; x_wconf 89' lang='lat' dir='ltr'><strong>X.</strong></span> <span class='ocrx_word' id='word_1_475' title='bbox 708 3675 907 3769; x_wconf 85' lang='lat' dir='ltr'><strong>Septembr.</strong></span> <span class='ocrx_word' id='word_1_476' title='bbox 1287 3676 1559 3750; x_wconf 89' lang='lat' dir='ltr'><strong>invocationem.</strong></span> <span class='ocrx_word' id='word_1_477' title='bbox 1603 3673 1693 3748; x_wconf 92' lang='lat' dir='ltr'><strong>Cum</strong></span> <span class='ocrx_word' id='word_1_478' title='bbox 1705 3675 1819 3766; x_wconf 86' lang='lat' dir='ltr'><strong>igitur</strong></span> <span class='ocrx_word' id='word_1_479' title='bbox 1833 3674 2067 3746; x_wconf 85' lang='lat' dir='ltr'><strong>describimus</strong></span> <span class='ocrx_word' id='word_1_480' title='bbox 2082 3664 2248 3768; x_wconf 71' lang='grc' dir='ltr'><strong><em>τὸνλόγον,</em></strong></span> 
     </span>
    </p>

    <p class='ocr_par' dir='ltr' id='par_1_6' title="bbox 985 3767 2248 3870">
     <span class='ocr_line' id='line_1_35' title="bbox 985 3767 2248 3870; baseline -0.002 -23"><span class='ocrx_word' id='word_1_481' title='bbox 985 3772 1189 3870; x_wconf 89' lang='lat' dir='ltr'><strong>Philippus..</strong></span> <span class='ocrx_word' id='word_1_482' title='bbox 1288 3777 1349 3848; x_wconf 89' lang='lat' dir='ltr'><strong>etsi</strong></span> <span class='ocrx_word' id='word_1_483' title='bbox 1367 3778 1596 3848; x_wconf 90' lang='lat' dir='ltr'><strong>rectissimum</strong></span> <span class='ocrx_word' id='word_1_484' title='bbox 1618 3792 1684 3858; x_wconf 82' lang='lat' dir='ltr'><strong>est,</strong></span> <span class='ocrx_word' id='word_1_485' title='bbox 1706 3802 1787 3848; x_wconf 89' lang='lat' dir='ltr'><strong>eum</strong></span> <span class='ocrx_word' id='word_1_486' title='bbox 1805 3800 1877 3846; x_wconf 83' lang='lat' dir='ltr'><strong>esse</strong></span> <span class='ocrx_word' id='word_1_487' title='bbox 1893 3767 2018 3848; x_wconf 74' lang='grc' dir='ltr'><strong><em>εἰκόνα</em></strong></span> <span class='ocrx_word' id='word_1_488' title='bbox 2038 3779 2145 3848; x_wconf 84' lang='lat' dir='ltr'><strong>totius</strong></span> <span class='ocrx_word' id='word_1_489' title='bbox 2161 3770 2248 3866; x_wconf 76' lang='lat' dir='ltr'><strong>patria</strong></span> 
     </span>
    </p>

    <p class='ocr_par' dir='ltr' id='par_1_7' title="bbox 1105 3878 2247 3968">
     <span class='ocr_line' id='line_1_36' title="bbox 1105 3878 2247 3968; baseline -0.011 -14"><span class='ocrx_word' id='word_1_490' title='bbox 1105 3945 1110 3954; x_wconf 93' lang='lat'><strong>.</strong></span> <span class='ocrx_word' id='word_1_491' title='bbox 1288 3894 1404 3949; x_wconf 89' lang='lat' dir='ltr'><strong>tamen</strong></span> <span class='ocrx_word' id='word_1_492' title='bbox 1430 3881 1633 3949; x_wconf 89' lang='lat' dir='ltr'><strong>addendum</strong></span> <span class='ocrx_word' id='word_1_493' title='bbox 1653 3892 1721 3962; x_wconf 88' lang='lat' dir='ltr'><strong>est,</strong></span> <span class='ocrx_word' id='word_1_494' title='bbox 1747 3903 1819 3948; x_wconf 90' lang='lat' dir='ltr'><strong>esse</strong></span> <span class='ocrx_word' id='word_1_495' title='bbox 1842 3878 2032 3968; x_wconf 87' lang='lat' dir='ltr'><strong>imaginem</strong></span> <span class='ocrx_word' id='word_1_496' title='bbox 2057 3879 2158 3947; x_wconf 86' lang='lat' dir='ltr'><strong>nobis</strong></span> <span class='ocrx_word' id='word_1_497' title='bbox 2179 3886 2247 3964; x_wconf 77' lang='lat' dir='ltr'><strong>pate</strong></span> 
     </span>
    </p>

    <p class='ocr_par' dir='ltr' id='par_1_8' title="bbox 251 3975 2246 4072">
     <span class='ocr_line' id='line_1_37' title="bbox 251 3975 2246 4072; baseline -0.008 -17"><span class='ocrx_word' id='word_1_498' title='bbox 251 3981 1227 4036; x_wconf 43' lang='lat'><strong>&#39;--··---·-⁴--·----*·-·--·-·--·---—-—·--</strong></span> <span class='ocrx_word' id='word_1_499' title='bbox 1289 3984 1433 4060; x_wconf 87' lang='lat' dir='ltr'><strong>factam,</strong></span> <span class='ocrx_word' id='word_1_500' title='bbox 1459 3983 1591 4072; x_wconf 87' lang='lat' dir='ltr'><strong>quoad</strong></span> <span class='ocrx_word' id='word_1_501' title='bbox 1611 3975 1677 4050; x_wconf 90' lang='lat' dir='ltr'><strong>hoc</strong></span> <span class='ocrx_word' id='word_1_502' title='bbox 1693 3979 1902 4049; x_wconf 87' lang='lat' dir='ltr'><strong>beneficium</strong></span> <span class='ocrx_word' id='word_1_503' title='bbox 1919 3981 1963 4048; x_wconf 90' lang='lat' dir='ltr'><strong>de</strong></span> <span class='ocrx_word' id='word_1_504' title='bbox 1984 3977 2246 4050; x_wconf 82' lang='lat' dir='ltr'><strong>reconciliatione.</strong></span> 
     </span>
    </p>

    <p class='ocr_par' dir='ltr' id='par_1_9' title="bbox 1288 4073 2247 4172">
     <span class='ocr_line' id='line_1_38' title="bbox 1288 4073 2247 4172; baseline -0.015 -22"><span class='ocrx_word' id='word_1_505' title='bbox 1288 4091 1541 4151; x_wconf 84' lang='lat' dir='ltr'><strong>monstrantem</strong></span> <span class='ocrx_word' id='word_1_506' title='bbox 1565 4073 1657 4150; x_wconf 87' lang='lat' dir='ltr'><strong>hanc</strong></span> <span class='ocrx_word' id='word_1_507' title='bbox 1679 4081 1896 4150; x_wconf 86' lang='lat' dir='ltr'><strong>voluntatem</strong></span> <span class='ocrx_word' id='word_1_508' title='bbox 1926 4081 2036 4172; x_wconf 86' lang='lat' dir='ltr'><strong>patris</strong></span> <span class='ocrx_word' id='word_1_509' title='bbox 2059 4081 2103 4150; x_wconf 91' lang='lat' dir='ltr'><strong>de</strong></span> <span class='ocrx_word' id='word_1_510' title='bbox 2126 4073 2247 4148; x_wconf 83' lang='lat' dir='ltr'><strong>reconci-</strong></span> 
     </span>
    </p>

    <p class='ocr_par' dir='ltr' id='par_1_10' title="bbox 239 4171 2248 4359">
     <span class='ocr_line' id='line_1_39' title="bbox 239 4171 2248 4276; baseline -0.007 -16"><span class='ocrx_word' id='word_1_511' title='bbox 239 4189 307 4266; x_wconf 91' lang='lat' dir='ltr'><strong>No.</strong></span> <span class='ocrx_word' id='word_1_512' title='bbox 323 4186 435 4261; x_wconf 76' lang='lat'><strong>5200.</strong></span> <span class='ocrx_word' id='word_1_513' title='bbox 1047 4199 1103 4260; x_wconf 85' lang='lat' dir='ltr'><strong>to.</strong></span> <span class='ocrx_word' id='word_1_514' title='bbox 1130 4187 1214 4272; x_wconf 84' lang='lat' dir='ltr'><strong>Sept.</strong></span> <span class='ocrx_word' id='word_1_515' title='bbox 1290 4183 1435 4254; x_wconf 87' lang='lat' dir='ltr'><strong>liationc</strong></span> <span class='ocrx_word' id='word_1_516' title='bbox 1452 4198 1485 4254; x_wconf 89' lang='lat' dir='ltr'><strong>et</strong></span> <span class='ocrx_word' id='word_1_517' title='bbox 1498 4183 1671 4253; x_wconf 90' lang='lat' dir='ltr'><strong>dicentem</strong></span> <span class='ocrx_word' id='word_1_518' title='bbox 1690 4182 1726 4251; x_wconf 93' lang='lat' dir='ltr'><strong>in</strong></span> <span class='ocrx_word' id='word_1_519' title='bbox 1744 4181 1847 4252; x_wconf 85' lang='lat' dir='ltr'><strong>nobis</strong></span> <span class='ocrx_word' id='word_1_520' title='bbox 1862 4205 2001 4276; x_wconf 89' lang='lat' dir='ltr'><strong>quoque</strong></span> <span class='ocrx_word' id='word_1_521' title='bbox 2016 4177 2109 4253; x_wconf 89' lang='lat' dir='ltr'><strong>hanc</strong></span> <span class='ocrx_word' id='word_1_522' title='bbox 2125 4171 2248 4252; x_wconf 76' lang='lat' dir='ltr'><strong>reconti-</strong></span> 
     </span>
     <span class='ocr_line' id='line_1_40' title="bbox 248 4279 1636 4359; baseline 0.001 -1"><span class='ocrx_word' id='word_1_523' title='bbox 248 4285 419 4316; x_wconf 54' lang='lat' dir='ltr'><em>m</em></span> <span class='ocrx_word' id='word_1_524' title='bbox 915 4283 921 4291; x_wconf 78' lang='grc'><strong>’</strong></span> <span class='ocrx_word' id='word_1_525' title='bbox 1019 4279 1232 4318; x_wconf 49' lang='grc' dir='ltr'><strong>’Ν</strong></span> <span class='ocrx_word' id='word_1_526' title='bbox 1289 4283 1636 4359; x_wconf 85' lang='lat' dir='ltr'><strong>liatinnisnotitiam.</strong></span> 
     </span>
    </p>
   </div>
   <div class='ocr_carea' id='block_1_5' title="bbox 436 4380 2247 4581">
    <p class='ocr_par' dir='ltr' id='par_1_11' title="bbox 436 4380 2247 4581">
     <span class='ocr_line' id='line_1_41' title="bbox 436 4380 2247 4512; baseline -0.023 -26"><span class='ocrx_word' id='word_1_527' title='bbox 436 4389 699 4512; x_wconf 70' lang='lat' dir='ltr'><strong>Aurifadro</strong></span> <span class='ocrx_word' id='word_1_528' title='bbox 729 4405 777 4481; x_wconf 72' lang='lat' dir='ltr'><strong>ed</strong></span> <span class='ocrx_word' id='word_1_529' title='bbox 806 4391 1070 4512; x_wconf 66' lang='lat' dir='ltr'><strong>Chytraem</strong></span> <span class='ocrx_word' id='word_1_530' title='bbox 1394 4385 1551 4474; x_wconf 80' lang='lat' dir='ltr'><strong>Quaeso,</strong></span> <span class='ocrx_word' id='word_1_531' title='bbox 1576 4385 1723 4476; x_wconf 87' lang='lat' dir='ltr'><strong>cogitate</strong></span> <span class='ocrx_word' id='word_1_532' title='bbox 1745 4387 1788 4456; x_wconf 91' lang='lat' dir='ltr'><strong>de</strong></span> <span class='ocrx_word' id='word_1_533' title='bbox 1809 4380 1876 4456; x_wconf 90' lang='lat' dir='ltr'><strong>hac</strong></span> <span class='ocrx_word' id='word_1_534' title='bbox 1895 4398 1990 4456; x_wconf 87' lang='lat' dir='ltr'><strong>tanta</strong></span> <span class='ocrx_word' id='word_1_535' title='bbox 2006 4409 2056 4454; x_wconf 89' lang='lat' dir='ltr'><strong>re.</strong></span> <span class='ocrx_word' id='word_1_536' title='bbox 2107 4381 2247 4488; x_wconf 80' lang='lat' dir='ltr'><strong>Nccsunl</strong></span> 
     </span>
     <span class='ocr_line' id='line_1_42' title="bbox 912 4473 2246 4581; baseline -0.01 -19"><span class='ocrx_word' id='word_1_537' title='bbox 912 4499 918 4508; x_wconf 82' lang='grc'><strong>“</strong></span> <span class='ocrx_word' id='word_1_538' title='bbox 1291 4483 1375 4556; x_wconf 88' lang='lat' dir='ltr'><strong>haec</strong></span> <span class='ocrx_word' id='word_1_539' title='bbox 1393 4484 1624 4578; x_wconf 77' lang='lat' dir='ltr'><strong>Osiandrica,</strong></span> <span class='ocrx_word' id='word_1_540' title='bbox 1648 4485 1730 4581; x_wconf 88' lang='lat' dir='ltr'><strong>quia</strong></span> <span class='ocrx_word' id='word_1_541' title='bbox 1750 4487 1845 4557; x_wconf 92' lang='lat' dir='ltr'><strong>aliud</strong></span> <span class='ocrx_word' id='word_1_542' title='bbox 1865 4500 1916 4558; x_wconf 84' lang='lat' dir='ltr'><strong>est</strong></span> <span class='ocrx_word' id='word_1_543' title='bbox 1937 4489 1981 4556; x_wconf 90' lang='lat' dir='ltr'><strong>de</strong></span> <span class='ocrx_word' id='word_1_544' title='bbox 2004 4485 2158 4568; x_wconf 88' lang='lat' dir='ltr'><strong>actione,</strong></span> <span class='ocrx_word' id='word_1_545' title='bbox 2179 4473 2246 4548; x_wconf 76' lang='lat' dir='ltr'><strong>aliud</strong></span> 
     </span>
    </p>
   </div>
   <div class='ocr_carea' id='block_1_6' title="bbox 311 4579 2245 4779">
    <p class='ocr_par' dir='ltr' id='par_1_12' title="bbox 311 4579 2245 4779">
     <span class='ocr_line' id='line_1_43' title="bbox 311 4579 2245 4682; baseline -0.014 -8"><span class='ocrx_word' id='word_1_546' title='bbox 311 4587 392 4662; x_wconf 73' lang='lat' dir='ltr'><strong>†ss¹</strong></span> <span class='ocrx_word' id='word_1_547' title='bbox 409 4605 504 4660; x_wconf 61' lang='lat' dir='ltr'><strong>¹9⁰8ss</strong></span> <span class='ocrx_word' id='word_1_548' title='bbox 522 4585 550 4669; x_wconf 69' lang='lat' dir='ltr'><strong>tn</strong></span> <span class='ocrx_word' id='word_1_549' title='bbox 571 4581 632 4640; x_wconf 72' lang='lat'><strong>⁶⁰¹¹·</strong></span> <span class='ocrx_word' id='word_1_550' title='bbox 650 4582 737 4638; x_wconf 74' lang='lat' dir='ltr'><strong>Parta.</strong></span> <span class='ocrx_word' id='word_1_551' title='bbox 755 4585 790 4668; x_wconf 81' lang='lat'><strong>¹?-</strong></span> <span class='ocrx_word' id='word_1_552' title='bbox 807 4579 837 4637; x_wconf 54' lang='grc' dir='ltr'><strong>ι·</strong></span> <span class='ocrx_word' id='word_1_553' title='bbox 855 4581 915 4665; x_wconf 50' lang='lat'><strong>⁵⁴3</strong></span> <span class='ocrx_word' id='word_1_554' title='bbox 937 4583 1014 4666; x_wconf 61' lang='lat' dir='ltr'><strong>yid.</strong></span> <span class='ocrx_word' id='word_1_555' title='bbox 1031 4583 1108 4669; x_wconf 68' lang='lat' dir='ltr'><strong>‘⁹³⁸l·</strong></span> <span class='ocrx_word' id='word_1_556' title='bbox 1125 4591 1239 4640; x_wconf 50' lang='grc' dir='ltr'><strong>’ΜΡ</strong></span> <span class='ocrx_word' id='word_1_557' title='bbox 1291 4593 1334 4656; x_wconf 93' lang='lat' dir='ltr'><strong>de</strong></span> <span class='ocrx_word' id='word_1_558' title='bbox 1350 4590 1587 4681; x_wconf 83' lang='lat' dir='ltr'><strong>acceptatione</strong></span> <span class='ocrx_word' id='word_1_559' title='bbox 1608 4589 1720 4682; x_wconf 93' lang='lat' dir='ltr'><strong>loqui.</strong></span> <span class='ocrx_word' id='word_1_560' title='bbox 1768 4587 1842 4660; x_wconf 84' lang='lat' dir='ltr'><strong>Nec</strong></span> <span class='ocrx_word' id='word_1_561' title='bbox 1864 4589 1938 4682; x_wconf 84' lang='lat' dir='ltr'><strong>ipse</strong></span> <span class='ocrx_word' id='word_1_562' title='bbox 1962 4611 2130 4680; x_wconf 85' lang='lat' dir='ltr'><strong>personas</strong></span> <span class='ocrx_word' id='word_1_563' title='bbox 2149 4584 2245 4654; x_wconf 86' lang='lat' dir='ltr'><strong>discer-</strong></span> 
     </span>
     <span class='ocr_line' id='line_1_44' title="bbox 344 4651 2244 4779; baseline -0.015 -66"><span class='ocrx_word' id='word_1_564' title='bbox 344 4658 469 4726; x_wconf 83' lang='lat' dir='ltr'><strong>dentsm,</strong></span> <span class='ocrx_word' id='word_1_565' title='bbox 488 4674 534 4712; x_wconf 83' lang='lat' dir='ltr'><strong>cus</strong></span> <span class='ocrx_word' id='word_1_566' title='bbox 551 4651 616 4710; x_wconf 77' lang='lat' dir='ltr'><strong>haec</strong></span> <span class='ocrx_word' id='word_1_567' title='bbox 633 4651 737 4726; x_wconf 69' lang='lat' dir='ltr'><strong>mella</strong></span> <span class='ocrx_word' id='word_1_568' title='bbox 754 4671 812 4710; x_wconf 83' lang='lat' dir='ltr'><strong>uns</strong></span> <span class='ocrx_word' id='word_1_569' title='bbox 831 4653 916 4707; x_wconf 76' lang='lat' dir='ltr'><strong>dobao</strong></span> <span class='ocrx_word' id='word_1_570' title='bbox 936 4653 1042 4726; x_wconf 68' lang='lat' dir='ltr'><strong>tuclus:</strong></span> <span class='ocrx_word' id='word_1_571' title='bbox 1058 4654 1121 4712; x_wconf 70' lang='lat' dir='ltr'><strong>tuat</strong></span> <span class='ocrx_word' id='word_1_572' title='bbox 1292 4693 1355 4762; x_wconf 50' lang='lat' dir='ltr'><strong>nit·</strong></span> <span class='ocrx_word' id='word_1_573' title='bbox 1412 4689 1455 4760; x_wconf 60' lang='lat' dir='ltr'><strong>M</strong></span> <span class='ocrx_word' id='word_1_574' title='bbox 1469 4712 1607 4760; x_wconf 58' lang='lat' dir='ltr'><strong>necesse</strong></span> <span class='ocrx_word' id='word_1_575' title='bbox 1622 4703 1691 4775; x_wconf 55' lang='lat' dir='ltr'>est,</span> <span class='ocrx_word' id='word_1_576' title='bbox 1717 4685 1809 4758; x_wconf 63' lang='lat' dir='ltr'>hanc</span> <span class='ocrx_word' id='word_1_577' title='bbox 1822 4691 1925 4760; x_wconf 54' lang='lat' dir='ltr'>fidem</span> <span class='ocrx_word' id='word_1_578' title='bbox 1941 4690 2159 4779; x_wconf 56' lang='lat' dir='ltr'><strong>praelucm,</strong></span> <span class='ocrx_word' id='word_1_579' title='bbox 2178 4677 2244 4774; x_wconf 78' lang='lat' dir='ltr'><strong>qdod</strong></span> 
     </span>
    </p>
   </div>
   <div class='ocr_carea' id='block_1_7' title="bbox 242 4775 2246 5025">
    <p class='ocr_par' dir='ltr' id='par_1_13' title="bbox 242 4775 2246 5025">
     <span class='ocr_line' id='line_1_45' title="bbox 242 4775 2245 4927; baseline -0.027 -23"><span class='ocrx_word' id='word_1_580' title='bbox 242 4829 270 4904; x_wconf 96' lang='lat' dir='ltr'><strong><em>I</em></strong></span> <span class='ocrx_word' id='word_1_581' title='bbox 275 4828 422 4902; x_wconf 83' lang='lat' dir='ltr'><strong>oanni</strong></span> <span class='ocrx_word' id='word_1_582' title='bbox 445 4823 710 4927; x_wconf 76' lang='lat' dir='ltr'><strong>Aurisabro</strong></span> <span class='ocrx_word' id='word_1_583' title='bbox 735 4835 767 4896; x_wconf 82' lang='lat' dir='ltr'><strong>et</strong></span> <span class='ocrx_word' id='word_1_584' title='bbox 793 4819 981 4896; x_wconf 84' lang='lat' dir='ltr'><strong>Davidi</strong></span> <span class='ocrx_word' id='word_1_585' title='bbox 1004 4805 1239 4924; x_wconf 60' lang='lat' dir='ltr'><strong>Chyprm</strong></span> <span class='ocrx_word' id='word_1_586' title='bbox 1290 4792 1423 4886; x_wconf 87' lang='lat' dir='ltr'><strong>placeat</strong></span> <span class='ocrx_word' id='word_1_587' title='bbox 1440 4815 1586 4883; x_wconf 88' lang='lat' dir='ltr'><strong>persona</strong></span> <span class='ocrx_word' id='word_1_588' title='bbox 1603 4805 1748 4883; x_wconf 86' lang='lat' dir='ltr'><strong>propter</strong></span> <span class='ocrx_word' id='word_1_589' title='bbox 1762 4793 2010 4874; x_wconf 89' lang='lat' dir='ltr'><strong>mediatorem,</strong></span> <span class='ocrx_word' id='word_1_590' title='bbox 2036 4787 2148 4860; x_wconf 89' lang='lat' dir='ltr'><strong>Deum</strong></span> <span class='ocrx_word' id='word_1_591' title='bbox 2165 4775 2245 4896; x_wconf 73' lang='lat' dir='ltr'><strong>etha</strong></span> 
     </span>
     <span class='ocr_line' id='line_1_46' title="bbox 581 4884 2246 5025; baseline -0.042 -12"><span class='ocrx_word' id='word_1_592' title='bbox 581 4951 727 5025; x_wconf 68' lang='lat' dir='ltr'><em>W⁰P050</em></span> <span class='ocrx_word' id='word_1_593' title='bbox 742 4922 895 5022; x_wconf 80' lang='grc' dir='ltr'>ζήτημα.</span> <span class='ocrx_word' id='word_1_594' title='bbox 1291 4894 1434 4965; x_wconf 65' lang='lat' dir='ltr'><strong>minem·</strong></span> <span class='ocrx_word' id='word_1_595' title='bbox 1492 4887 1541 4962; x_wconf 86' lang='lat' dir='ltr'><strong>Et</strong></span> <span class='ocrx_word' id='word_1_596' title='bbox 1562 4895 1657 4985; x_wconf 90' lang='lat' dir='ltr'><strong>quod</strong></span> <span class='ocrx_word' id='word_1_597' title='bbox 1681 4893 1767 4961; x_wconf 83' lang='lat' dir='ltr'><strong>fides</strong></span> <span class='ocrx_word' id='word_1_598' title='bbox 1795 4893 1841 4962; x_wconf 88' lang='lat' dir='ltr'><strong>sit</strong></span> <span class='ocrx_word' id='word_1_599' title='bbox 1864 4892 1991 4976; x_wconf 81' lang='lat' dir='ltr'><strong>fidtrcia</strong></span> <span class='ocrx_word' id='word_1_600' title='bbox 2022 4884 2246 4960; x_wconf 84' lang='lat' dir='ltr'><strong>misericordae</strong></span> 
     </span>
    </p>
   </div>
   <div class='ocr_carea' id='block_1_8' title="bbox 149 4977 2244 5492">
    <p class='ocr_par' dir='ltr' id='par_1_14' title="bbox 149 4977 2244 5392">
     <span class='ocr_line' id='line_1_47' title="bbox 1292 4977 2244 5088; baseline -0.017 -25"><span class='ocrx_word' id='word_1_601' title='bbox 1292 4991 1435 5088; x_wconf 72' lang='lat' dir='ltr'><strong>propter</strong></span> <span class='ocrx_word' id='word_1_602' title='bbox 1458 4987 1557 5063; x_wconf 80' lang='grc' dir='ltr'><strong>ΙιιιιιοΙ</strong></span> <span class='ocrx_word' id='word_1_603' title='bbox 1580 4994 1810 5079; x_wconf 86' lang='lat' dir='ltr'><strong>mediatorem</strong></span> <span class='ocrx_word' id='word_1_604' title='bbox 1839 4991 2042 5086; x_wconf 85' lang='lat' dir='ltr'><strong>promissae.</strong></span> <span class='ocrx_word' id='word_1_605' title='bbox 2099 4987 2144 5060; x_wconf 86' lang='lat' dir='ltr'><strong>Et</strong></span> <span class='ocrx_word' id='word_1_606' title='bbox 2166 4977 2244 5077; x_wconf 76' lang='lat' dir='ltr'><strong>pluas</strong></span> 
     </span>
     <span class='ocr_line' id='line_1_48' title="bbox 242 5083 2243 5188; baseline -0.007 -18"><span class='ocrx_word' id='word_1_607' title='bbox 242 5083 383 5170; x_wconf 84' lang='lat' dir='ltr'><strong>Usitate</strong></span> <span class='ocrx_word' id='word_1_608' title='bbox 404 5096 550 5166; x_wconf 91' lang='lat' dir='ltr'><strong>dicitur:</strong></span> <span class='ocrx_word' id='word_1_609' title='bbox 584 5095 667 5163; x_wconf 91' lang='lat' dir='ltr'><strong>dato</strong></span> <span class='ocrx_word' id='word_1_610' title='bbox 690 5093 818 5184; x_wconf 84' lang='lat' dir='ltr'><strong>spiritu</strong></span> <span class='ocrx_word' id='word_1_611' title='bbox 837 5107 958 5163; x_wconf 90' lang='lat' dir='ltr'><strong>sancto</strong></span> <span class='ocrx_word' id='word_1_612' title='bbox 983 5093 1088 5163; x_wconf 87' lang='lat' dir='ltr'><strong>simul</strong></span> <span class='ocrx_word' id='word_1_613' title='bbox 1112 5095 1150 5164; x_wconf 93' lang='lat' dir='ltr'><strong>in</strong></span> <span class='ocrx_word' id='word_1_614' title='bbox 1172 5091 1237 5167; x_wconf 89' lang='lat' dir='ltr'><strong>ho·</strong></span> <span class='ocrx_word' id='word_1_615' title='bbox 1292 5097 1448 5170; x_wconf 82' lang='lat' dir='ltr'><strong>facienda</strong></span> <span class='ocrx_word' id='word_1_616' title='bbox 1465 5110 1515 5166; x_wconf 87' lang='lat' dir='ltr'><strong>est</strong></span> <span class='ocrx_word' id='word_1_617' title='bbox 1533 5089 1751 5178; x_wconf 80' lang='lat' dir='ltr'><strong>obedientia,</strong></span> <span class='ocrx_word' id='word_1_618' title='bbox 1777 5119 1884 5188; x_wconf 90' lang='lat' dir='ltr'><strong>quam</strong></span> <span class='ocrx_word' id='word_1_619' title='bbox 1903 5093 1997 5164; x_wconf 83' lang='lat' dir='ltr'><strong>filins</strong></span> <span class='ocrx_word' id='word_1_620' title='bbox 2012 5092 2102 5185; x_wconf 83' lang='lat' dir='ltr'><strong>patri</strong></span> <span class='ocrx_word' id='word_1_621' title='bbox 2120 5090 2243 5181; x_wconf 69' lang='lat' dir='ltr'><strong>praealti</strong></span> 
     </span>
     <span class='ocr_line' id='line_1_49' title="bbox 241 5185 2242 5290; baseline -0.009 -22"><span class='ocrx_word' id='word_1_622' title='bbox 241 5199 339 5268; x_wconf 89' lang='lat' dir='ltr'><strong>mine</strong></span> <span class='ocrx_word' id='word_1_623' title='bbox 359 5211 441 5268; x_wconf 87' lang='lat' dir='ltr'><strong>suut</strong></span> <span class='ocrx_word' id='word_1_624' title='bbox 463 5211 534 5266; x_wconf 89' lang='lat' dir='ltr'><strong>tres</strong></span> <span class='ocrx_word' id='word_1_625' title='bbox 551 5217 737 5288; x_wconf 82' lang='lat' dir='ltr'><strong>personae:</strong></span> <span class='ocrx_word' id='word_1_626' title='bbox 762 5208 863 5286; x_wconf 87' lang='lat' dir='ltr'><strong>pater</strong></span> <span class='ocrx_word' id='word_1_627' title='bbox 882 5209 1064 5280; x_wconf 83' lang='lat' dir='ltr'><strong>aeternus,</strong></span> <span class='ocrx_word' id='word_1_628' title='bbox 1089 5197 1183 5266; x_wconf 84' lang='lat' dir='ltr'><strong>filius</strong></span> <span class='ocrx_word' id='word_1_629' title='bbox 1205 5211 1238 5268; x_wconf 85' lang='lat' dir='ltr'><strong>et</strong></span> <span class='ocrx_word' id='word_1_630' title='bbox 1290 5220 1394 5290; x_wconf 90' lang='lat' dir='ltr'><strong>quam</strong></span> <span class='ocrx_word' id='word_1_631' title='bbox 1411 5198 1501 5269; x_wconf 87' lang='lat' dir='ltr'><strong>actio</strong></span> <span class='ocrx_word' id='word_1_632' title='bbox 1519 5197 1557 5265; x_wconf 94' lang='lat' dir='ltr'><strong>in</strong></span> <span class='ocrx_word' id='word_1_633' title='bbox 1575 5197 1690 5264; x_wconf 86' lang='lat' dir='ltr'><strong>nobis.</strong></span> <span class='ocrx_word' id='word_1_634' title='bbox 1724 5194 1865 5285; x_wconf 88' lang='lat' dir='ltr'><strong>Quaeso</strong></span> <span class='ocrx_word' id='word_1_635' title='bbox 1881 5197 2029 5287; x_wconf 83' lang='lat' dir='ltr'><strong>cogitate</strong></span> <span class='ocrx_word' id='word_1_636' title='bbox 2044 5207 2077 5265; x_wconf 79' lang='lat' dir='ltr'><strong>et</strong></span> <span class='ocrx_word' id='word_1_637' title='bbox 2092 5185 2242 5263; x_wconf 78' lang='lat' dir='ltr'><strong>rescribite·</strong></span> 
     </span>
     <span class='ocr_line' id='line_1_50' title="bbox 149 5293 1725 5392; baseline 0.002 -24"><span class='ocrx_word' id='word_1_638' title='bbox 149 5373 152 5378; x_wconf 68' lang='grc'>,</span> <span class='ocrx_word' id='word_1_639' title='bbox 242 5299 386 5392; x_wconf 89' lang='lat' dir='ltr'><strong>spiritus</strong></span> <span class='ocrx_word' id='word_1_640' title='bbox 401 5311 558 5382; x_wconf 88' lang='lat' dir='ltr'><strong>sanctus,</strong></span> <span class='ocrx_word' id='word_1_641' title='bbox 582 5296 666 5390; x_wconf 91' lang='lat' dir='ltr'><strong>quia</strong></span> <span class='ocrx_word' id='word_1_642' title='bbox 680 5319 850 5387; x_wconf 85' lang='lat' dir='ltr'><strong>personae</strong></span> <span class='ocrx_word' id='word_1_643' title='bbox 864 5307 948 5366; x_wconf 85' lang='lat' dir='ltr'><strong>sunt</strong></span> <span class='ocrx_word' id='word_1_644' title='bbox 963 5295 1179 5384; x_wconf 89' lang='lat' dir='ltr'><strong>indivulsae,</strong></span> <span class='ocrx_word' id='word_1_645' title='bbox 1203 5312 1237 5369; x_wconf 89' lang='lat' dir='ltr'><strong>et</strong></span> <span class='ocrx_word' id='word_1_646' title='bbox 1290 5298 1523 5369; x_wconf 85' lang='lat' dir='ltr'><strong>Benevalcte.</strong></span> <span class='ocrx_word' id='word_1_647' title='bbox 1579 5293 1725 5371; x_wconf 78' lang='lat'><strong>1552.-</strong></span> 
     </span>
    </p>

    <p class='ocr_par' dir='ltr' id='par_1_15' title="bbox 243 5380 2208 5492">
     <span class='ocr_line' id='line_1_51' title="bbox 243 5380 2208 5492; baseline -0.006 -22"><span class='ocrx_word' id='word_1_648' title='bbox 243 5415 342 5491; x_wconf 89' lang='lat' dir='ltr'><strong>pater</strong></span> <span class='ocrx_word' id='word_1_649' title='bbox 359 5424 398 5470; x_wconf 92' lang='lat' dir='ltr'><strong>ac</strong></span> <span class='ocrx_word' id='word_1_650' title='bbox 415 5399 508 5468; x_wconf 85' lang='lat' dir='ltr'><strong>tilius</strong></span> <span class='ocrx_word' id='word_1_651' title='bbox 526 5399 660 5490; x_wconf 84' lang='lat' dir='ltr'><strong>spirant</strong></span> <span class='ocrx_word' id='word_1_652' title='bbox 682 5395 845 5488; x_wconf 87' lang='lat' dir='ltr'><strong>spiritum</strong></span> <span class='ocrx_word' id='word_1_653' title='bbox 863 5409 1042 5483; x_wconf 79' lang='lat' dir='ltr'><strong>sanctum3</strong></span> <span class='ocrx_word' id='word_1_654' title='bbox 1067 5411 1103 5470; x_wconf 87' lang='lat' dir='ltr'><strong>et</strong></span> <span class='ocrx_word' id='word_1_655' title='bbox 1122 5423 1238 5470; x_wconf 89' lang='lat' dir='ltr'><strong>remo·</strong></span> <span class='ocrx_word' id='word_1_656' title='bbox 1806 5394 1994 5492; x_wconf 89' lang='lat' dir='ltr'><strong>Philippus</strong></span> <span class='ocrx_word' id='word_1_657' title='bbox 2009 5380 2208 5469; x_wconf 80' lang='lat' dir='ltr'><strong>Melanthea</strong></span> 
     </span>
    </p>
   </div>
   <div class='ocr_carea' id='block_1_9' title="bbox 0 0 2389 6196">
    <p class='ocr_par' dir='ltr' id='par_1_16' title="bbox 0 0 2389 6196">
     <span class='ocr_line' id='line_1_52' title="bbox 0 0 2389 6196; baseline 0 0"><span class='ocrx_word' id='word_1_658' title='bbox 0 0 2389 6196; x_wconf 95' lang='lat' dir='ltr'><strong> </strong></span> 
     </span>
    </p>
   </div>
  </div>
 </body>
</html>
