4734 6214
195 298 245 384 ετ
780 287 1223 386 erssromaon
1274 309 1383 385 mn
1409 304 1474 387 x1.
1528 307 1661 387 164⁸.
2198 307 2246 386 ss

196 501 233 575 gn
253 481 381 574 idylion
403 481 558 578 Ῐώηῑθὶς,
589 481 621 574 lo
643 481 705 555 siet
727 482 820 572 ibero
842 481 983 578 meglio).
1034 483 1100 557 mo
1123 483 1198 556 obet
1249 483 1355 556 Nunc
1382 483 1470 575 petit
1492 481 1697 552 adolescens
1721 482 1825 553 fundi
1850 473 2090 555 collationem.
2141 475 2254 552 Arbi-

194 591 248 658 bet
274 585 391 677 &chub
415 584 614 678 unmdglid),
647 585 689 658 be
704 581 747 684 ³²)
775 588 886 681 brbutf
914 593 947 659 td
978 587 1069 676 blelet
1095 583 1199 675 &tege
1250 602 1346 672 tror,
1373 610 1449 654 rem
1471 586 1598 654 iustam
1622 595 1657 655 et
1677 586 1842 655 usitatam
1865 586 1955 676 peti,
1980 599 2015 654 ct
2039 583 2255 655 adolescenti

198 686 298 779 nieht,
331 691 411 760 been
434 692 488 760 bet
511 692 591 767 ssett
613 687 741 778 intimis
771 692 851 759 date
877 691 1134 782 eleemosynam
1160 713 1199 755 ex
1252 715 1292 758 ex
1309 688 1516 758 venditione
1534 689 1662 756 domus
1678 701 1839 777 sumptus
1855 689 1899 755 ad
1918 687 2035 758 studia
2060 688 2257 756 sumendus

198 791 445 876 facultatibus,
469 791 529 862 bed
543 787 599 880 itt,
621 789 652 880 Ῐο
669 790 737 882 feto
752 789 802 882 ibt
818 797 919 864 timui
934 787 1104 883 perneget.
1143 787 1201 860 ltu
1253 805 1321 874 est,
1348 791 1557 884 quiquidem
1579 789 1732 860 feliciter
1744 803 1905 860 versatur
1922 790 1960 857 in
1978 789 2109 859 studiis
2133 783 2258 880 pbilo-

199 887 238 976 itt
253 893 308 962 bei
324 890 455 982 delicti
472 889 588 980 altem
607 889 639 980 lo
658 893 755 986 grob,
782 895 844 980 bei
859 892 901 982 id)
918 891 998 984 niel)t
1016 897 1116 984 odpte,
1141 893 1202 983 δαβ
1253 889 1414 985 sophiae,
1435 915 1529 984 *quae
1545 891 1694 962 flectunt
1714 891 1852 962 animos
1868 893 1910 960 ad
1935 890 2145 962 modestiam
2161 892 2258 960 etad

201 989 711 1084 blessittslenlbmedbibetslnnb
731 995 810 1084 ibon
828 991 959 1072 idonee.
1256 997 1383 1066 inultas
1408 995 1569 1063 virtutes.
1621 989 1742 1081 Quare
1775 1007 1811 1063 te
1842 993 1945 1062 valde
1979 1014 2064 1078 oro,
2100 1003 2141 1060 ut
2173 1015 2257 1062 eum

302 1113 381 1187 illiet
398 1131 441 1186 nu
456 1113 685 1202 nitescerent
699 1113 852 1187 belennen
868 1113 945 1198 eoin,
971 1115 1023 1186 ber
1040 1109 1131 1184 indue
1148 1109 1203 1200 fid)
1255 1095 1508 1212 complectaris
1521 1108 1557 1164 et
1578 1095 1746 1180 adiuves,
1780 1107 1814 1164 et
1836 1095 1956 1214 perlici
1981 1090 2050 1164 boc
2063 1093 2259 1183 negotium

202 1209 286 1286 etat
311 1213 469 1306 befebten,
501 1220 565 1287 one
594 1218 766 1308 peterten,
799 1219 856 1289 nie
887 1214 1070 1308 geldeieben
1096 1213 1205 1304 {lebete
1256 1223 1366 1269 cures.
1430 1195 1599 1315 Indicabo
1634 1191 1702 1266 boc
1737 1195 1947 1315 beneficium
1982 1209 2086 1314 tuum
2113 1197 2162 1314 ’ad
2198 1219 2261 1264 me

204 1341 328 1386 omncs
358 1317 478 1408 capilli
504 1317 630 1408 capitis
654 1323 761 1390 vestri
790 1318 965 1389 numerati
990 1331 1084 1390 sunt.
1134 1315 1204 1386 Det
1256 1323 1397 1394 quoque
1427 1311 1623 1389 pernocte,
1645 1313 1694 1417 ‚ei
1724 1299 1978 1416 gratatudmem
2011 1321 2122 1368 amm!
2153 1321 2263 1389 prae-

204 1417 397 1510 oumtdtige
424 1419 520 1510 tmige
544 1413 650 1505 dett,
677 1423 783 1497 &letes
800 1422 907 1510 unisti
923 1419 1099 1514 ,petianese
1124 1417 1205 1507 gepa
1255 1405 1368 1475 stabo.
1420 1399 1519 1470 Bene
1539 1414 1574 1470 et
1593 1400 1744 1472 lelrcrter
1759 1401 1849 1474 vale.
1898 1397 2161 1474 Pndssalend.
2178 1395 2263 1470 Au-

204 1516 344 1606 oprtet,
378 1517 470 1592 milit
497 1521 537 1595 ἅ·
560 1517 602 1606 ‘d'-
627 1519 673 1594 bl.
703 1522 875 1616 golbiglid)
905 1521 1045 1612 reginen,
1076 1517 1206 1610 [diaeo
1256 1498 1535 1598 gusti1648.*)

204 1623 268 1691 oab
291 1621 467 1708 bersabeen.
526 1621 653 1696 Dotem
674 1627 870 1717 illittenberg
895 1625 953 1695 ben
973 1619 1208 1719 7ε.1.3ιιῐῑῑ”),
1264 1712 1273 1721 ¹

205 1721 301 1794 dano
319 1722 466 1794 Domini
485 1724 594 1800 1548.
844 1765 852 1774 -

625 1856 785 1946 egos,
1256 1829 1324 1905 No.
1341 1827 1454 1906 4810.
2005 1831 2252 1916 (excudetur.)

868 1957 1105 2054 untettbdniger
1264 1927 1437 1961 Μ
1995 1931 2260 1970 m

719 2055 909 2154 Philippus
923 2061 1205 2160 Melautbon.⁵⁴)
1483 2015 1611 2100 Hier·
1638 2011 2029 2126 Baumgarimw·

1323 2187 1534 2311 Epistillngl.
1552 2207 1579 2258 p.
1596 2187 1655 2246 142.
1692 2185 1744 2242 ttie
1759 2205 1791 2240 ex
1802 2185 1970 2262 autographo
1987 2186 2016 2246 in
2029 2187 2094 2244 cod.
2108 2187 2223 2248 Monac.
2238 2193 2263 2254 l.

215 2269 1200 2286 ..........-.....-.......--...-...................
1358 2277 1385 2330 P·
1451 2298 1459 2314 ο

205 2403 402 2531 Q·
1049 2413 1183 2488 salut.
1255 2409 1482 2500 Clarissimo
1503 2412 1678 2500 viro,-
1718 2409 1773 2488 D.
1798 2411 2095 2509 Hieronymo
2115 2411 2261 2488 Bom-

1029 2507 1200 2536 Μ

1380 2527 1622 2613 garinero,
1655 2511 1833 2587 Senatora'
1850 2512 2050 2612 Noriberg.
2069 2526 2130 2588 etc.

524 2590 887 2680 autoretatem
1256 2652 1360 2742 SD
1415 2665 1425 2732 Ι
1678 2664 1733 2684 ..
1819 2639 1856 2682 „²
1922 2659 1931 2686 ,
2200 2663 2223 2708 .,

1293 2719 1303 2742 .
1363 2720 1372 2740 .
1430 2679 1463 2738 ta
1481 2690 1619 2758 semper
1634 2677 1842 2750 ex1st1mavr,
1871 2659 2040 2738 tolcam
2055 2668 2254 2758 tragoedme

301 2766 330 2836 ·†
349 2765 543 2838 samogam
562 2767 626 2824 cod.
645 2765 736 2825 Paris.
756 2765 793 2824 D.
812 2769 844 2826 L.
863 2769 926 2828 54⁸.
1256 2767 1363 2839 buius
1393 2769 1562 2859 temporis
1595 2769 1670 2836 iore
1705 2767 1839 2836 bellum
1872 2765 2114 2849 lielveticum,
2153 2769 2259 2839 cuius

205 2918 258 2993 D·
285 2920 461 2995 orrea,
486 2921 778 3014 Mardara
804 2922 1038 3002 constas
1055 2927 1205 3004 Etu-
1255 2861 2106 3066 {tilluttffitttltsstilliti?
2130 2897 2260 3043 liii}

574 3051 627 3098 '¹⁵
643 3024 837 3105 Mummi·
1253 3077 1362 3146 tantis
1384 3075 1618 3158 tumultibus,
1643 3087 1683 3142 ut
1706 3071 1801 3142 Deus
1827 3087 1939 3142 servet
1962 3069 2141 3142 Ecclesiae
2170 3099 2260 3146 suae

204 3140 253 3230 S.
274 3154 478 3276 §latissime
496 3159 551 3228 vir
567 3173 601 3230 et
615 3162 727 3231 amice
743 3165 933 3238 carissime.
986 3165 1133 3262 Semper
1147 3169 1203 3238 in·
1253 3175 1442 3271 reliquias,
1474 3201 1539 3244 nec
1563 3173 1656 3244 sinat
1676 3173 1809 3268 ubique
1838 3174 2056 3244 barbaricam
2082 3179 2261 3247 vastatio-

203 3277 300 3348 genn
321 3274 356 3330 et
380 3275 527 3330 naturae
552 3274 632 3331 tuae
655 3267 905 3354 praestantiam
928 3271 1062 3354 amavi,
1096 3297 1203 3366 quam
1252 3303 1334 3347 nem
1358 3278 1456 3358 fieri,
1492 3301 1615 3348 omnes
1640 3277 1848 3345 ardentibus
1871 3277 1963 3346 votis
1988 3302 2068 3345 eum
2100 3303 2261 3354 oremus.

203 3359 321 3432 lucere
337 3363 407 3430 iam
422 3365 461 3432 in
476 3364 692 3455 reipublicae
716 3367 973 3454 gubernatione
988 3374 1142 3459 gaudeo,
1169 3387 1203 3442 et
1252 3379 1484 3450 Dialecticum
1503 3379 1662 3447 libellum
1684 3381 1845 3446 nondum
1861 3378 1960 3461 misi,
1983 3380 2064 3472 cruia
2086 3381 2156 3448 iam
2173 3384 2260 3450 edi-

204 3487 284 3532 cum
301 3464 396 3534 Deus
415 3480 579 3535 aeternus
594 3479 694 3557 pater
711 3465 859 3538 Domini
873 3473 987 3541 nostri
1002 3471 1081 3543 lesu
1094 3470 1203 3545 Chri·
1252 3483 1303 3551 tio
1333 3485 1505 3563 secunda,
1545 3505 1635 3573 qnae
1667 3483 1733 3550 erit
1768 3481 2005 3564 emendatior,
2043 3485 2261 3558 adornatur.

203 3565 268 3648 sti,
293 3568 459 3635 conditor
472 3569 611 3656 generis
626 3563 792 3655 bomani,
820 3568 911 3641 bane
927 3573 1126 3645 societatem
1144 3577 1202 3644 in·
1251 3581 1372 3652 Habui
1413 3585 1508 3651 enim
1550 3583 1587 3650 in
1625 3583 1835 3675 quibusdam
1880 3582 2037 3651 materiis
2076 3578 2263 3678 δευτέρας

203 3667 374 3750 stituerit,
397 3682 433 3738 et
445 3693 507 3738 sua
531 3692 598 3759 ope
618 3683 776 3756 tueatur,
800 3685 841 3744 ut
856 3675 1026 3766 seriptum
1043 3691 1110 3747 est:
1139 3681 1201 3771 qui
1251 3681 1466 3780 φροντίδας.
1526 3683 1646 3773 Nugae
1672 3699 1772 3768 scint,
1805 3687 1864 3752 sed
1889 3685 1977 3776 quid
2001 3705 2100 3772 agam
2125 3687 2263 3764 alind?

202 3772 264 3838 dat
284 3769 431 3838 salutem
444 3767 626 3859 Regibus,
648 3795 711 3841 nec
734 3773 810 3843 siue
831 3799 897 3867 ope
912 3779 1034 3848 divina
1055 3780 1138 3849 felix
1155 3783 1200 3852 sit
1250 3784 1297 3856 Et
1312 3801 1429 3857 tamen
1446 3811 1526 3856 cum
1543 3786 1738 3875 posteritati
1754 3787 1886 3856 servire
1903 3786 2015 3856 nostri
2033 3787 2169 3856 labores
2185 3791 2262 3857 de-

201 3870 426 3960 gubernatio:
452 3884 527 3941 toto
549 3887 689 3962 pectore
710 3871 826 3945 Deum
847 3901 932 3964 oro,
959 3893 1048 3950 utet
1072 3877 1198 3951 barum
1251 3891 1378 3973 beant,
1406 3903 1440 3959 et
1463 3911 1643 3978 speremus
1662 3912 1864 3955 mansuram
1890 3912 1979 3969 esse,
2007 3889 2167 3958 existimo
2196 3903 2259 3962 ta-

201 3973 389 4062 regionum
409 3969 584 4042 Ecclesias
608 3988 643 4044 et
665 3976 806 4066 politius
829 3995 944 4050 servet
968 3996 1002 4052 et
1019 3998 1134 4072 regat,
1159 4007 1199 4053 ac
1249 3993 1337 4060 lium
1355 3993 1528 4059 librorum
1546 3991 1731 4058 lectionem
1747 3990 1871 4057 utilem
1888 3990 1962 4058 lore
1978 3991 2259 4072 adolescentiae,

202 4087 338 4144 mentes
352 4075 628 4192 gubernatprum
643 4080 686 4146 ad
712 4079 878 4150 salutaria
900 4083 1046 4152 consilia
1069 4086 1199 4170 flectet,
1249 4118 1375 4186 meque
1398 4093 1458 4160 illa
1480 4091 1629 4161 Paulina
1656 4116 1741 4160 voce
1765 4093 1944 4172 consolor,
1979 4117 2068 4183 quae
2091 4083 2194 4176 dicit,
2230 4095 2259 4169 ὁ

204 4189 238 4246 et
259 4188 293 4246 te
315 4201 457 4270 quoquc
480 4179 636 4249 adruvet.
690 4177 739 4250 Ut
761 4193 878 4250 antem
902 4186 1090 4278 praecipua
1113 4212 1196 4258 cure
1247 4187 1361 4276 κόπος
1383 4190 1494 4285 ὑμῶν
1516 4191 1585 4265 οὐκ
1608 4189 1685 4263 ἐστὶ
1706 4187 1812 4270 κενὰς
1838 4193 1878 4262 ἐν
1898 4188 2028 4282 κυρία).
2080 4191 2257 4269 Eandem

203 4297 275 4344 esse
289 4276 393 4347 debet
409 4279 590 4348 doctrinae
605 4279 765 4350 coelestis
789 4297 823 4352 et
847 4277 1014 4356 honestae
1037 4289 1197 4380 discipli·
1246 4298 1311 4368 tibi
1330 4295 1763 4391 quoquc'cousolationem
1779 4295 1817 4362 in
1836 4297 1907 4364 tois
1922 4295 2105 4364 laboribus
2131 4291 2259 4366 bone..

202 4401 290 4463 nae,
315 4379 540 4452 itamodesto
563 4382 703 4470 ingenia
728 4383 832 4452 etiam
855 4411 873 4454 a
898 4389 1195 4475 gubematoribus
1245 4399 1405 4470 ocissimis
1426 4397 1629 4490 proponite.
1686 4395 1783 4466 Bene
1806 4397 1901 4482 vale,
1934 4411 1968 4467 et
1994 4383 2173 4467 interdum
2198 4407 2256 4474 ad

201 4474 428 4569 provehenda
451 4495 544 4554 sunt.
598 4481 718 4570 Quare
743 4509 817 4554 non
832 4489 974 4575 dubito,
1000 4493 1068 4560 tibi
1089 4517 1194 4564 curae
1244 4525 1310 4569 nos
1325 4503 1482 4585 scribito,
1505 4515 1545 4570 ut
1559 4503 1846 4590 dumpossamus
1863 4499 2120 4591 colloquamur.
2144 4497 2256 4571 Con-

200 4604 274 4650 esse
290 4596 323 4652 et
339 4583 414 4651 lore
437 4579 662 4653 scholasticos
681 4587 771 4654 bene
794 4604 959 4660 moratos.
1010 4591 1079 4663 Hic
1107 4599 1193 4664 ado-
1244 4603 1427 4673 veniemus
1449 4601 1776 4693 autemaliquando
1799 4599 2254 4688 postiuAeademiacoe-

198 4682 332 4753 lescens
352 4679 488 4752 David
507 4677 909 4759 Schiererdeclrerfilius
931 4707 982 4766 est
1006 4689 1193 4764 Schierer-
1242 4705 1332 4775 lessi,
1386 4705 1564 4774 Libellum
1589 4704 1655 4773 tibi
1680 4705 1836 4772 dicatum
1862 4703 1906 4770 de
1930 4697 2062 4772 Anime
2084 4718 2253 4780 retexere

199 4778 353 4870 deckeri,
380 4787 441 4880 qui
456 4802 536 4854 ante
553 4789 758 4856 sexennium
773 4806 939 4880 quaestor
953 4797 1021 4866 fuit
1036 4799 1075 4866 in
1088 4823 1192 4890 prae·
1242 4807 1367 4898 cogito.
1421 4805 1553 4876 lterum
1565 4807 1658 4878 'vale
1671 4799 1736 4902 ”)

195 4885 328 4958 iectura
346 4886 625 4978 Witcbergensi.
678 4887 845 4962 Tradidit
859 4908 974 4966 atatem
993 4913 1093 4988 pater
1107 4895 1191 4974 huic
1751 4887 1940 4997 Philippus
1960 4901 2189 4980 Melanthea.

196 5009 260 5056 suo
276 4989 350 5060 lilio
365 5003 399 5060 et
414 4991 582 5060 iratribus
597 4991 755 5076 domum,
780 4993 1114 5093 quaeWitebergae
1127 5019 1189 5080 est.
1243 5012 1469 5030 “““*’···““““
1726 5027 1729 5040 ·
2183 5029 2186 5032 ·

199 5171 412 5188 ...-......
1272 5123 1301 5194 *J
1320 5125 1351 5179 ln
1366 5129 1426 5182 eod.
1440 5126 1503 5183 Par.
1519 5125 1610 5192 1578„
1628 5124 1701 5196 qood
1714 5097 1844 5177 mendum
1858 5130 1906 5180 est.
1942 5120 2002 5178 Alia
2017 5127 2131 5180 mann'l
2143 5137 2247 5180 muta·
2349 5169 2350 5174 ,

1307 5195 1344 5248 eit
1357 5198 1384 5248 io
1399 5198 1429 5255 5.
1447 5195 1525 5250 sedt
1541 5215 1590 5266 pro
1605 5196 1622 5249 4
1639 5193 1803 5250 hauddubie
1823 5194 1891 5246 lecta
1905 5199 1954 5252 est.
1990 5193 2056 5246 Mos
2074 5204 2135 5262 post
2151 5213 2249 5266 erpu-

225 5295 271 5367 Μ)
292 5299 347 5368 Μ]
367 5297 428 5354 pa·
446 5299 488 5366 po·
919 5293 923 5300 -
1306 5276 1413 5346 gustam
1429 5263 1623 5335 Witebergam
1644 5261 1792 5316 Mordisius
1808 5269 1920 5315 vocatus
1940 5269 1978 5314 est
1998 5261 2027 5314 iu
2048 5263 2136 5316 aulam
2151 5263 2247 5317 Mau.

1304 5332 1375 5402 ritri,
1394 5351 1480 5402 neque
1500 5334 1561 5386 inde
1580 5333 1612 5386 ab
1634 5348 1706 5384 anno
1724 5331 1797 5389 1548,
1810 5331 1947 5396 invenitur
1964 5327 2067 5400 pagella
2081 5329 2247 5388 eudemio

222 5382 268 5440 ⁸⁸)
287 5383 350 5436 P22·
367 5386 428 5440 m
450 5387 562 5452 [iiiiii
579 5387 654 5451 Sul.
1304 5403 1337 5454 ab
1351 5400 1411 5470 ipso
1424 5397 1494 5454 edita
1509 5399 1561 5453 olla
1578 5398 1730 5470 inscriptis
1745 5399 1829 5454 Acad‘.
1843 5395 1892 5450 W
1895 5395 1960 5452 lteb.

223 5467 269 5536 84)
290 5469 351 5522 Pes.
369 5467 599 5538 subscriptionem
619 5491 673 5525 non
692 5471 780 5530 babet.
1267 5483 1314 5557 tei)
1333 5485 1502 5542 Atiamanus
1515 5485 1659 5557 adscripsit
1674 5478 1738 5540 enn'.
1754 5478 1828 5538 tsi&
