4586 6224
225 297 301 397 'tot

327 484 484 555 drocen,
502 474 680 538 bosboslsal.
716 479 775 538 sno
787 483 854 540 tlon
861 485 973 541 monete
988 481 1105 551 vbltlppl
1117 481 1224 558 {tetros

331 558 419 612 ttont.
447 555 524 614 1550.
552 553 733 676 llblllttttbttp.
754 551 781 614 4.
810 590 848 601 -
886 551 981 615 Latin
1000 554 1076 618 illam
1095 552 1226 645 ⁸babes-'m

329 626 400 732 blei·
414 625 577 685 Declamalt.
592 625 698 708 'fonn'l
716 625 736 679 l.
749 644 782 746 p.
795 625 856 709 695..
876 633 921 684 obt
938 642 1019 751 epitahm
1034 640 1122 751 oratrp
1134 629 1227 746 iogpnia·

332 693 949 822 fitotltl'tlt'llffl'ttl.ltttltlt't
959 713 1140 820 at'lltu..
1156 711 1229 814 ral-

333 847 377 890 tus
409 834 566 916 'ermonicos
585 831 763 912 autem,'l(ra
782 831 838 884 cnii
856 829 927 914 libro
947 836 1109 917 praemissus
1129 831 1230 952 ubippc

333 898 1229 1041 taltlttlt'dtl{litftalsstt'b‘ltttft'lilla:

335 1041 380 1095 nis
394 1039 428 1094 ad
439 1037 604 1108 Krageninm
621 1035 653 1088 de
668 1051 719 1089 cuo
738 1033 824 1104 libro,
844 1055 926 1108 qnam
943 1037 988 1094 bic
1009 1039 1038 1093 in
1054 1035 1232 1098 vernaculam

332 1110 453 1180 linguam
468 1105 561 1172 vertit,
582 1113 608 1156 et
627 1103 699 1158 libro
713 1119 763 1157 run
777 1105 944 1178 praeposuit.
979 1107 1051 1164 Dedi
1068 1107 1153 1180 igitur
1171 1117 1233 1162 tex·

335 1189 393 1234 turn
409 1175 526 1234 latinum
538 1192 569 1228 ex
582 1171 746 1229 Declamatt·

232 1325 381 1428 Perlegi
400 1329 469 1404 hoc
494 1329 665 1424 scriptum
689 1331 758 1404 viri
783 1329 926 1406 bonesti
954 1346 989 1406 et
1011 1331 1159 1418 eruditi,
1187 1330 1233 1406 D.

234 1432 478 1519 Tilomnnm',
502 1447 538 1504 et
552 1433 671 1504 iudico
681 1429 731 1532 ¹),
747 1459 942 1526 congruere
957 1461 1038 1508 curn
1051 1435 1233 1506 communi

235 1539 412 1616 sententia
433 1533 563 1606 barum
578 1531 828 1612 Ecclesiarum.
879 1531 928 1609 Et
945 1531 1076 1634 quia²)
1099 1535 1235 1630 praeci-

235 1668 309 1738 pua
322 1641 481 1712 membra
498 1636 680 1707 doctrinae
695 1639 740 1708 de
754 1639 973 1731 poenitentia
990 1639 1131 1726 recitat,
1149 1637 1234 1708 illu-

238 1759 325 1818 strat
346 1733 672 1834 magnitudinem³)
694 1741 844 1830 peccati,
869 1765 950 1813 cnm
973 1741 1136 1833 deplorat
1154 1761 1235 1810 cor-

237 1845 443 1940 ruptionem
459 1839 625 1930 imaginis
640 1835 729 1926 Dei,
748 1842 788 1913 in
810 1865 936 1934 genere
957 1838 1133 1928 humanm
1160 1854 1194 1912 et
1215 1864 1234 1909 e

238 1961 360 2021 contra
376 1955 551 2015 monstrat
563 1941 677 2011 filium
692 1941 780 2026 Dei,
805 1945 868 2036 qui
884 1957 936 2014 est
950 1944 1084 2033 integra
1100 1942 1235 2012 aeterni

237 2049 349 2144 patris
364 2047 499 2136 imago,
524 2055 557 2112 et
573 2044 612 2112 in
627 2045 853 2115 credentibus
868 2045 1021 2116 restituit
1045 2045 1234 2134 imaginem

235 2145 373 2244 Μ’),
393 2141 481 2216 baec
496 2143 602 2215 lectio
624 2145 690 2215 erit
712 2145 1003 2216 commonefactio
1018 2141 1055 2240 ⁵)
1077 2141 1152 2215 non
1177 2145 1235 2214 in-

239 2266 337 2345 grata
356 2249 434 2342 piae
451 2245 575 2320 menti.
624 2243 772 2316 Necesse
792 2261 844 2316 est
866 2247 961 2318 enim
984 2270 1087 2338 saepe
1111 2247 1150 2316 in
1177 2248 1236 2316 in-

238 2353 426 2426 vocatione
455 2343 584 2417 harum
611 2347 846 2418 maximarum
880 2373 999 2420 rerum
1034 2349 1234 2418 doctrinam

238 2453 403 2546 cogitari,
428 2473 534 2544 quarn
555 2461 685 2518 tetrum
709 2449 843 2520 malum
866 2449 965 2521 sitin
982 2443 1146 2535 homine,
1172 2452 1236 2518 de·

237 2556 385 2628 enuclio
415 2551 550 2644 operis,
581 2564 616 2621 et
639 2550 778 2620 ordinis
798 2551 914 2620 divini
942 2551 980 2619 in
1003 2551 1124 2636 nobis3
1158 2566 1234 2623 ete

239 2669 364 2730 contra
386 2655 484 2726 unde
508 2673 591 2720 vera
614 2664 649 2721 et
672 2651 774 2720 firma
792 2652 987 2722 consolatio
1002 2653 1155 2744 petenda
1178 2651 1234 2721 sit.

240 2759 391 2830 Prodest
419 2765 513 2824 certe
544 2747 738 2822 antithesin
761 2753 975 2824 considerari
1000 2753 1117 2846 operis
1142 2753 1236 2822 divi-

241 2853 331 2956 ni⁶)
348 2871 381 2927 et
396 2855 539 2933 ruinae,
562 2876 652 2946 quae
666 2866 785 2946 postea
800 2867 917 2924 secuta
932 2867 994 2924 est.

262 3021 266 3045 ,
346 2958 406 3030 Sic
422 2955 630 3026 condiderat
648 2951 745 3026 Deus
766 2950 970 3040 hominem,
1003 2968 1043 3026 ut
1067 2953 1235 3025 bonitatis

239 3085 345 3146 suae,
366 3071 402 3130 et
416 3057 546 3128 amoris
562 3077 643 3146 erga
658 3079 724 3126 nos
740 3056 893 3128 illustria
913 3056 1115 3128 testimonia
1130 3056 1235 3126 nobis

241 3155 514 3255 irnpresserit⁷).
566 3157 661 3247 Quia
683 3157 779 3228 enim
804 3181 864 3244 ea,
887 3181 977 3253 quae
999 3172 1083 3228 suut
1102 3159 1140 3226 in
1158 3158 1233 3249 ipso

241 3267 395 3358 optima,
421 3261 460 3330 in
484 3282 550 3328 uos
572 3259 782 3344 transfudit,
806 3261 945 3330 scilicet
965 3253 1127 3354 radios⁸)
1152 3282 1235 3328 snae

241 3365 454 3460 sapientiae,
469 3362 715 3432 rectitudinem
732 3373 767 3432 et
782 3360 982 3434 libertatem
994 3361 1186 3432 voluntatis
1196 3356 1235 3453 9),

240 3483 282 3546 ut
301 3469 411 3558 ipsius
428 3463 650 3534 domicilium
667 3477 701 3532 et
717 3463 888 3554 templum
906 3485 1080 3546 essemus,
1103 3475 1138 3532 et
1160 3463 1235 3554 ipse

242 3572 281 3638 in
293 3569 395 3638 nobis
413 3567 534 3655 efficax
549 3579 655 3650 esset,
676 3589 738 3635 sua
752 3567 847 3636 bona
863 3565 968 3636 nobis
979 3565 1118 3634 assidue
1136 3587 1236 3634 com-

241 3671 450 3750 municaret,
467 3680 501 3737 et
512 3666 667 3736 vicissim
676 3679 935 3756 agnosceretur,
950 3679 983 3737 et
999 3665 1236 3736 celebraretur
1286 3731 1293 3746 ,

243 3773 332 3864 ipse,
349 3791 487 3838 necesse
498 3780 722 3854 estmagnam
733 3769 804 3835 vim
813 3767 944 3838 amoris
953 3789 1107 3856 erganos
1120 3768 1236 3838 fuisse.

247 3951 252 3960 ,
326 3867 404 3942 Etsi
420 3869 683 3940 autemnullius
695 3882 873 3940 creaturae
887 3869 1088 3961 eloquentia
1100 3869 1237 3958 magni-

242 3974 402 4046 tudinem
427 3966 556 4040 horum
576 3972 751 4038 bonorum
771 3991 944 4060 exponere
960 3984 1090 4060 potest,
1117 3972 1178 4040 sed
1198 3971 1237 4038 in

243 4077 316 4154 nita
331 4087 493 4158 aeterua,
510 4072 546 4140 iu
562 4072 639 4164 ipso
656 4085 846 4164 conspectu
854 4064 905 4167 ¹⁰)
920 4071 1127 4159 magnitudo
1141 4096 1238 4142 cerm

239 4229 466 4250 annu—nau·-

275 4308 304 4370 t)
322 4303 496 4370 Texogerm.
517 4295 663 4354 cottone.

276 4391 305 4458 2)
323 4385 399 4442 Text.
423 4401 509 4456 germ.
535 4379 670 4436 blttucll
689 4385 723 4434 tt
750 4373 812 4430 scil.
831 4373 884 4429 boc
910 4372 1058 4454 scriplum
1084 4390 1238 4446 quanquam

311 4465 426 4509 verterat
450 4451 536 4516 bltlt
563 4446 714 4515 &obstin
740 4455 830 4498 tamen
850 4441 895 4498 bic
913 4451 1038 4514 sequitur
1059 4460 1144 4513 genna
1163 4443 1238 4498 verbi

273 4560 277 4568 ι
300 4525 402 4582 latinis
420 4522 567 4586 seriptum.

275 4609 308 4679 8)
326 4609 402 4665 Text.
415 4623 500 4676 germ.
521 4599 696 4665 ocntbett.

275 4699 303 4768 t)
323 4696 401 4750 Text.
423 4707 508 4761 germ.
538 4689 597 4742 tos
623 4687 727 4742 unte
750 4685 876 4741 bottas
911 4684 1034 4743 toltltt
1057 4681 1237 4752 postulet,

308 4769 362 4820 tet
381 4762 471 4819 toan
488 4755 625 4824 tursolt
641 4757 708 4811 unt
727 4756 895 4823 tutelast.

276 4849 306 4914 5)
324 4847 397 4900 Ten.
413 4861 494 4914 germ.
514 4841 738 4906 ffttnottooo
758 4839 823 4894 unt
844 4837 1107 4906 bermobaunn.

273 4933 497 5006 opfingen.
518 4925 782 4994 salebrosum
802 4923 1235 4994 sustentationum,

309 5005 394 5072 lmen
413 5003 454 5056 tm
474 4998 610 5064 totone
628 4993 811 5065 gelbotfto
829 4993 894 5060 bot.

275 5088 395 5156 ηΤειι.
412 5102 497 5156 germ.
516 5083 718 5152 elnptocbro
737 5081 803 5149 lJot.

275 5175 303 5242 8)
320 5173 394 5226 Text.
411 5187 497 5241 germ.
514 5169 573 5223 bctt
592 5166 712 5234 blunt.

273 5265 302 5326 9)
322 5260 495 5326 Texl..gcrm.
513 5257 571 5310 ben
592 5251 716 5316 rctbleo
735 5251 845 5318 frtittl
864 5249 1004 5308 ltblllto.

277 5347 324 5413 to)
340 5341 416 5397 Teat.
434 5357 518 5408 gerni.
538 5337 594 5402 fiir
611 5337 677 5390 bem
696 5333 870 5402 bnprlitbt
884 5333 1023 5403 butten
1042 5331 1233 5404 potarltprre·

309 5413 461 5466 retaliatum
481 5423 537 5456 esre
551 5405 620 5468 Dei,
641 5421 725 5472 quom
741 5415 829 5456 tamen
844 5397 938 5455 fuisset
953 5401 1129 5456 vertendum:
1150 5405 1232 5461 teta

307 5483 438 5541 atauus
473 5491 496 5528 ι.
518 5473 736 5543 decollatos
755 5471 982 5540 bitttltltfl.

819 298 1254 393 EPISTULARUM
1304 301 1408 376 lto.
1440 301 1506 382 xt.
1559 297 1688 382 toto.

2157 313 2209 392 lli

1276 473 1424 568 poturit,
1458 491 1576 548 tamen
1601 501 1698 549 nnnc
1726 471 1928 552 inchoanda
1951 493 2002 554 est
2022 481 2213 568 consideratio,
2267 501 2272 570 t

1275 591 1314 660 ut
1340 579 1438 678 pareri
1462 581 1593 680 primas
1619 582 1736 652 literas
1760 581 1920 676 discunt,
1945 607 2009 655 nec
2030 587 2097 656 sine
2112 583 2216 660 hacin-
2271 591 2272 612 *

1276 683 1461 759 clinatione
1479 689 1684 782 pervenitur
1698 689 1743 762 ad
1760 688 1859 761 illam
1874 704 2049 762 aeternam
2064 693 2167 772 lucem

1380 789 1431 862 lta
1449 815 1466 861 e
1482 805 1603 862 contra
1618 791 1719 872 vide,
1745 805 1934 888 postquam
1952 783 2159 867 haec‘misera
2175 823 2216 870 na·

1278 905 1356 964 tura
1373 894 1521 983 peccatis
1541 916 1707 986 oppressa
1730 906 1800 975 est,
1828 919 1934 988 quarn
1950 895 2123 990 multiplex
2133 901 2218 970 corfo-

1279 995 1331 1063 sio
1350 1009 1468 1065 secuta
1484 1008 1547 1064 est.
1576 993 1717 1065 Mentes
1729 995 1857 1086 plenae
1866 1009 1951 1068 sunt
1959 997 2217 1096 dubitationom'¹)

1279 1097 1323 1165 de
1344 1095 1435 1180 Deo,
1460 1119 1506 1166 an
1523 1097 1587 1180 sit,
1612 1120 1657 1167 an
1676 1095 1802 1188 puniat
1822 1098 1969 1182 delicta,
1995 1122 2040 1169 an
2060 1099 2136 1170 velit
2151 1125 2219 1192 open
2270 1167 2272 1178 ,

1280 1199 1372 1266 ferre
1401 1195 1669 1268 invocantibus:
1714 1197 1788 1266 imo
1821 1193 1987 1270 horribili
2018 1202 2128 1270 furore
2152 1203 2220 1272 molli

1280 1295 1473 1388 Epicureas
1488 1299 1675 1392 opiniones
1689 1300 1970 1391 amplectuntur,
1996 1301 2073 1388 alii,
2085 1303 2154 1396 quia
2167 1327 2223 1372 rou

1281 1413 1427 1470 naturae
1442 1396 1671 1495 convicti¹²),
1697 1416 1892 1490 agnoscunt
1906 1403 2041 1497 aliquid
2059 1427 2124 1473 esse
2135 1399 2222 1492 Deum,
2268 1457 2269 1487 3

1281 1517 1399 1572 tarnen
1420 1523 1482 1572 sua
1505 1503 1658 1596 quadam
1680 1503 1825 1572 audacia
1847 1503 1991 1594 fingunt
2013 1506 2163 1589 numina,
2184 1527 2223 1574 nrt
2269 1499 2270 1514 ¹

1281 1615 1458 1695 quaerunt
1473 1627 1597 1674 verum
1612 1600 1745 1687 Deum,
1771 1605 1831 1673 sed
1848 1597 2152 1676 comminiscuntur
2163 1603 2223 1674 Deos

1283 1729 1346 1772 sno
1369 1704 1537 1790 arbitrio,
1568 1718 1610 1776 ut
1637 1704 1805 1774 omnibus
1826 1707 1952 1776 seculis
1975 1708 2078 1777 multi
2098 1708 2224 1776 fecemnt:
2269 1739 2270 1796 3

1282 1801 1428 1876 Etbnici
1442 1801 1581 1890 torem,
1600 1803 1791 1891 lunonem,
1807 1803 2005 1893 Palladem,
2018 1805 2225 1891 Martemle·

1284 1931 1422 1992 norem,
1448 1903 1645 1992 Bacchum3
1672 1907 1762 1978 etin
1783 1931 1824 1977 eo
1843 1923 1962 1994 coetu,
1986 1910 2048 2003 qui
2065 1901 2226 1978 nomenbr

1284 2011 1340 2076 bet
1364 2004 1543 2078 Ecclesiae
1565 2007 1657 2092 Dei,
1690 2022 1807 2092 tamen
1834 2005 1939 2078 m'ulti
1975 2011 2109 2080 furores
2138 2007 2227 2078 similo
2270 2055 2272 2104 1

1282 2105 1518 2181 Etbnicorum
1529 2110 1735 2180 exstiterunt
1743 2105 1795 2204 ¹⁸),
1810 2123 1851 2180 ut
1863 2107 1987 2181 Iudaei
1998 2106 2227 2182 colueruntlllo

1282 2208 1385 2296 loch,
1408 2223 1442 2280 et
1458 2209 1616 2300 reginam
1636 2210 1744 2295 coeli,
1770 2221 1859 2304 qua‘e
1880 2211 2040 2283 fortassis
2061 2225 2130 2283 erat
2147 2209 2226 2288 bum

1283 2325 1318 2382 et
1338 2305 1455 2382 adbuc
1477 2312 1605 2382 usitata
1629 2324 1680 2381 est
1702 2311 1881 2383 invocatio
1904 2307 2094 2385 hominum
2115 2325 2228 2382 mortno

1282 2437 1382 2500 rum,
1415 2425 1455 2482 ut
1481 2407 1629 2482 Etbnici
1649 2412 1839 2498 Lucinam,
1864 2411 2075 2502 Herculem,
2100 2415 2144 2486 ita
2162 2407 2227 2482 nolti
2271 2443 2272 2450 ¹

1282 2538 1378 2586 ntmc
1394 2509 1557 2600 Annam,
1582 2512 1778 2604 Georgium
1796 2528 1832 2592 et
1847 2515 1980 2588 similes
1998 2518 2165 2587 invocant

1380 2611 1462 2684 Non
1485 2616 1602 2686 solum
1624 2615 1727 2706 lingit
1749 2609 1905 2686 humana
1921 2619 2071 2688 andacia
2087 2616 2179 2696 Deos,
2192 2611 2228 2678 sel
2269 2687 2270 2696 ἶ

1282 2717 1399 2796 varios
1427 2717 1532 2786 etiam
1562 2717 1679 2788 cultus
1700 2718 1891 2808 excogitat,
1922 2733 2051 2790 contra
2074 2719 2230 2788 mandatun
2269 2787 2270 2790 Ἴ

1281 2817 1360 2892 Dei.
1418 2813 1495 2889 Alii
1518 2819 1660 2900 vitulos,
1704 2817 1767 2888 alii
1791 2843 1941 2911 porcos,
1972 2822 2042 2890 alii
2066 2843 2178 2915 equos,
2197 2810 2233 2884 alii
2269 2877 2270 2886 t

1282 2941 1403 3004 canes,
1438 2941 1542 3011 saepe
1567 2921 1673 2990 etiam
1699 2915 1863 2991 homines
1893 2935 2108 2994 mactarunt.
2159 2915 2233 2986 tall

1282 3019 1439 3091 Ecclesia
1470 3021 1592 3090 multis
1623 3021 1692 3090 iam
1726 3022 1853 3092 seculis
1876 3018 2063 3120 haebet¹⁴)
2084 3015 2235 3115 profanatio

1282 3145 1411 3192 coenae
1425 3119 1571 3193 Domini
1587 3117 1785 3208 horrenda,
1812 3135 1864 3205 et,
1890 3121 2124 3216 prohdolor!
2148 3139 2234 3209 magro
2269 3113 2270 3118 ’

1282 3247 1401 3296 errore
1418 3223 1609 3296 stabilitur.

1381 3321 1481 3394 Haec
1506 3325 1599 3395 mala
1625 3323 1825 3395 caecitatem
1842 3327 1974 3398 mentis
1998 3329 2038 3397 in
2065 3347 2180 3418 genere
2194 3313 2236 3388 lu·

1282 3447 1388 3496 mano
1404 3439 1612 3519 sequuntur.
1662 3425 1801 3496 Deinde
1825 3429 1959 3501 accedit
1983 3431 2024 3498 in
2043 3429 2205 3499 voluntate
2219 3429 2237 3484 et
2266 3500 2270 3509 ,

1284 3527 1389 3596 corde
1412 3529 1650 3611 contumacia,
1685 3541 1859 3617 vagantur
1883 3533 2116 3622 cupiditates,
2140 3539 2239 3598 excuso

1285 3627 1379 3713 Deo,
1404 3628 1527 3698 iniusti
1547 3653 1702 3713 amores,
1728 3645 1762 3700 et
1785 3631 1914 3699 iniusta
1931 3633 2038 3716 odia,
2065 3627 2239 3701 arnonius

1284 3748 1373 3814 rrae,
1398 3729 1584 3817 libidines,
1617 3743 1650 3801 et
1672 3729 1742 3801 alia
1765 3731 1877 3824 multa
1896 3731 2068 3804 incendia
2093 3743 2240 3824 pravorum

1285 3827 1542 3925 affectuum¹⁵').
1591 3830 1664 3902 Nec
1679 3829 1812 3902 Paulus
1828 3833 1873 3902 de
1893 3837 2017 3925 parvis
2039 3833 2143 3904 malis
2162 3821 2240 3918 toqui·

1285 3947 1361 4013 tur,
1387 3957 1467 4002 cum
1489 3933 1623 4026 inquit:
1651 3956 1773 4004 sensus
1795 3934 1911 4003 carnis
1930 3935 2126 4007 inimicitia
2147 3943 2190 4002 est
2205 3921 2242 3992 al·

1227 4073 1236 4090 ·
1285 4057 1408 4104 versus
1425 4033 1549 4108 Deum.
1599 4032 1695 4124 Quid
1719 4035 1854 4104 tristius
1871 4036 1939 4106 dici
1959 4051 2098 4129 potest,
2120 4053 2207 4130 qnam
2220 4023 2241 4090 51¹

1287 4129 1353 4204 bac
1376 4136 1573 4207 miserrima
1598 4150 1724 4206 natura
1750 4149 1886 4207 tantum
1913 4139 2106 4227 pravitatis
2131 4157 2205 4212 esst,
2221 4137 2243 4192 ⁰¹

1286 4235 1391 4306 etiam
1413 4233 1558 4305 hostiles
1578 4237 1757 4318 fremitus,
1791 4251 1825 4308 et
1848 4238 2137 4330 indignationem
2157 4231 2242 4305 habnt

1286 4339 1452 4408 adversus
1471 4330 1612 4408 Deum?
1649 4353 1690 4409 ut
1712 4353 1856 4430 apparet
1878 4338 1916 4408 in
1943 4339 2083 4426 saulo,
2114 4335 2244 4409 sentent

1286 4439 1457 4510 iudicium
1476 4453 1509 4511 et
1529 4439 1618 4509 iram
1633 4435 1720 4525 Dei,
1746 4463 1785 4510 ac
1804 4441 1994 4512 similibus.
2038 4441 2148 4512 -Haec
2163 4442 2245 4506 nostrl

1286 4539 1377 4610 mala
1390 4565 1491 4633 saepe
1509 4541 1692 4632 cogitanda
1711 4555 1744 4610 et
1760 4541 1977 4632 deploranda
2000 4559 2106 4625 sunt,
2130 4557 2160 4612 et
2174 4553 2245 4642 qual·

1285 4643 1393 4712 reuda
1411 4665 1491 4711 vera
1511 4643 1688 4728 remedia,
1721 4643 1766 4712 ab
1787 4643 1863 4733 ipso
1880 4641 1956 4714 Deo
1979 4649 2157 4716 immensa
2176 4641 2245 4707 lioni-

1286 4755 1355 4814 tate
1371 4743 1659 4814 etmisericordia
1682 4745 1873 4841 proposita.
1926 4745 2023 4816 l'ide
2045 4749 2140 4818 enim
2164 4751 2246 4810 runts
2268 4723 2269 4760 ¹

1319 4998 1458 5124 llfflppl.
1480 5017 1567 5071 germ.
1596 5001 1805 5071 Btotlfrlttttg
1842 5004 1906 5059 unt
1942 5005 2150 5073 rtnptcutm
2177 4999 2248 5068 ΜΝ

1277 5143 1281 5150 ’
1318 5149 1364 5216 tt)
1383 5149 1457 5204 Text.
1473 5169 1560 5223 germ.
1578 5153 1639 5208 ortt
1656 5153 1720 5208 oen
1741 5151 1845 5221 (totto
1863 5153 1918 5208 tet
1935 5151 2060 5212 natat
2078 5147 2238 5218 bostanni·

1319 5237 1362 5306 ld)
1385 5235 1460 5290 Text.
1479 5256 1564 5308 germ.
1588 5238 1624 5300 lli
1647 5237 1801 5303 fllttoobt
1825 5237 1895 5302 corb
1923 5239 2000 5296 stet
2018 5225 2249 5298 toilitttfffilll⁴

1304 5345 1307 5354 ‚
1351 5305 2132 5378 nuottnttnalflttlt,otoottttogotpltio.

1317 5391 1360 5458 tt)
1382 5389 1458 5444 Text.
1475 5410 1562 5462 germ.
1581 5392 1688 5460 ttagt
1707 5389 1779 5454 norb
1798 5403 1860 5447 non
1880 5395 1984 5460 tonat
2006 5393 2072 5459 bet.
2268 5407 2269 5497 p

1321 5473 1365 5542 15)
1381 5472 1455 5530 Text.
1472 5493 1558 5546 germ.
1576 5477 1708 5544 trottae
1728 5475 1875 5546 berteto
1895 5477 1957 5534 unt
1978 5477 2188 5546 annotarat·
