4592 6218
67 367 133 444 cst

67 670 120 716 nes
136 657 260 716 tantum
286 638 472 715 inchoatae
495 656 595 724 sunt,
621 657 743 736 estque
757 633 935 738 πρότασις
951 637 1035 708 satis

65 747 411 820 minaciterinstitula.
449 744 546 816 Deus
560 747 620 816 det
633 738 900 838 καταστροφὴν
914 739 1035 810 anitio-

63 873 138 923 rcm.
181 847 265 920 Heri
284 847 506 940 audivimus,
538 861 674 939 patrem
695 840 925 918 Granvelam
939 855 1034 914 certo

62 968 221 1024 montrum
235 975 308 1022 esse
326 947 507 1040 Augustae
521 944 580 1048 ¹),
612 951 708 1044 quod
725 949 886 1017 narrabis
901 945 946 1019 D.
965 939 1035 1012 Ar-

60 1047 160 1124 noldo
173 1049 344 1128 Barenio.
396 1052 480 1124 Filii
497 1053 644 1124 consilia
661 1045 806 1144 posthac
824 1063 926 1120 erunt
947 1045 1035 1142 dep

8 1153 10 1177 ²
58 1149 191 1252 pirepc.
243 1153 339 1228 Bene
365 1157 443 1226 vale
468 1169 502 1228 el
523 1156 686 1228 rescribe.
744 1151 792 1224 D.
809 1145 979 1222 Arnoldo
1003 1164 1034 1220 et

8 1257 9 1292 ³
59 1257 201 1330 ilenrico
215 1275 247 1330 et
265 1258 411 1330 caeteris
427 1258 549 1330 amicis
565 1258 715 1330 salutem
730 1257 851 1328 dicito.
885 1251 931 1330 D.
948 1249 1037 1324 Sla-

609 357 1043 439 serstouatttlts
1096 355 1315 436 utnxtt.
1370 353 1502 435 1550.

66 545 178 615 bamus.
218 537 309 612 Nam
327 553 362 612 el
377 491 573 612 conventus
590 537 791 631 Augustani
805 533 1035 608 deliberatio·
1096 529 1309 668 Q

2021 369 2096 445 658

1924 543 2091 668 Q

1250 717 1453 831 Georgia
1474 719 1628 808 Princ.
1653 721 1929 812 Anhnllino.

1172 879 1257 966 Epist.
1271 881 1318 938 lib.
1335 881 1371 937 tt.
1388 901 1414 966 p.
1426 883 1488 938 286.
1517 881 1559 939 ed.
1574 883 1665 944 Laud.
1679 884 1727 944 lib.
1741 886 1776 946 ll.
1791 907 1835 960 ep.
1848 889 1932 958 sss).
1967 891 2092 966 Repetite

1193 951 1488 1076 ffrrfil,ss⁰¹¹1⁸5'i9'⁸''
1516 951 1535 1008 Ι.
1547 973 1573 1026 p.
1590 955 1648 1010 120·
1657 995 1666 1024 ‚
1685 956 1732 1011 nbi
1746 975 1776 1012 es
1789 963 1994 1018 errorePecclii
2010 967 2091 1022 relate

1232 1173 1287 1252 D.
1316 1172 1520 1278 Georgia
1547 1174 1718 1284 Principi
1739 1185 1779 1258 in
1806 1181 1953 1262 Anhall

54 1353 163 1458 phylo
182 1361 298 1432 literas
314 1361 438 1446 mitto,
468 1361 525 1430 cui
542 1375 619 1432 tuas
634 1360 740 1430 etiarn
759 1359 930 1428 missurus
948 1381 1038 1438 sum,
1091 1313 1141 1400 s·
1166 1325 1211 1398 D·
1273 1325 1515 1402 1¹¹¹¹⁸lll⁵⁸lm²
1548 1331 1736 1428 P²l⁰⁰⁰P⁸s
1775 1335 1944 1416 Meminit
1976 1345 2017 1418 C·
2044 1349 2088 1419 V·

6 1464 10 1499 ³
56 1465 81 1533 si
106 1463 200 1534 scobis
216 1463 380 1558 epistolas
396 1465 440 1534 ad
459 1487 539 1534 etun
558 1463 705 1556 scriptas
723 1461 870 1532 miseris.
921 1455 957 1529 4.
973 1457 1036 1530 Se-

52 1567 222 1660 ptembris.

4 1905 7 1920 Ι
57 1907 285 1922 .—-—--——-—-
297 1903 1025 1918 ——----—-—-—-—a--0-—-——.-.0——--———

854 2079 903 2158 (4.
918 2075 1042 2164 Septb.)

113 2457 134 2517 †
158 2449 196 2504 Ex
214 2447 321 2503 collect.
345 2447 474 2504 Bellenet.
497 2447 560 2504 Vol.
577 2450 596 2505 1.
616 2467 642 2520 p.
659 2449 733 2514 sss,
759 2447 803 2504 cui
824 2449 895 2506 laroc
914 2451 991 2524 epist.
1009 2469 1041 2507 ex

148 2519 314 2592 autographo
328 2518 462 2574 Melemh
475 2517 615 2590 descripsit
628 2519 840 2576 Sahelisarm'us.

3 2691 11 2699 ’
37 2687 255 2766 Reverendo
278 2691 373 2773 ciro,
407 2685 609 2762 eruditione
629 2701 661 2764 ct
680 2690 810 2766 cirlalc
822 2698 1043 2793 praestanti,

6 2880 11 2908 .
36 2795 95 2870 D.
124 2789 171 2866 F
171 2787 375 2866 riderico
399 2787 652 2892 Staphyla,
679 2795 806 2895 fratri
823 2823 893 2872 suo
911 2800 1039 2878 carras.

9 2933 91 3037 ’8.
122 2961 169 3036 D.
229 2960 311 3030 Tno
339 2959 467 3046 adlini,
505 2951 680 3030 Iohanni
702 2956 931 3063 Aurisabro,
961 2965 1040 3036 misi

35 3085 141 3140 tuam
165 3063 368 3156 epistolam,
402 3075 437 3133 et
458 3063 502 3132 ab
525 3061 602 3156 ipso
622 3064 692 3134 iam
714 3082 857 3160 expecto
884 3067 1038 3140 vicissim

36 3171 165 3240 literas
179 3163 214 3260 ¹).
281 3165 336 3236 Dc
362 3180 540 3236 conventu
566 3165 775 3255 Augustano
801 3165 895 3240 nihil
922 3165 1039 3240 adhuc

35 3271 113 3342 nisi
138 3266 240 3338 initia
263 3261 446 3342 habemus.
505 3265 553 3340 Et
576 3265 654 3338 heri
679 3270 918 3342 intelleximus
944 3287 1039 3344 certo

35 3366 277 3446 Granvclnm
293 3383 427 3461 patrem
444 3384 625 3441 mortuum
645 3395 728 3444 esse.
776 3371 960 3466 Sapientes
977 3377 1039 3446 de-

33 3477 188 3570 plorant
203 3471 279 3540 eius
293 3471 475 3542 interilum
493 3496 548 3558 co,
566 3475 662 3568 quod
681 3488 854 3562 metuunt,
875 3477 939 3546 lilii
955 3503 1040 3548 con-

31 3579 119 3650 silia
137 3577 213 3646 sore
231 3567 440 3668 θερμότερα
456 3567 497 3666 ²).

142 3725 199 3798 De
216 3717 425 3819 Lycaoniis
449 3725 571 3795 castris
593 3727 753 3796 existimo
776 3729 897 3797 omnia
918 3729 961 3798 ad
978 3755 1039 3800 vos

29 3831 171 3914 scribi,
196 3853 286 3924 quae
310 3827 479 3904 initiunt.
529 3825 633 3920 Capti
650 3843 734 3898 sunt
748 3830 886 3923 aliquot
901 3831 1039 3900 nobiles

29 3935 198 4030 equites,
223 3954 376 4023 quorum
392 3951 518 4020 magna
533 3931 599 4000 suit
618 3931 825 4018 auctoritas,
851 3929 978 4006 Comes
997 3929 1040 4003 de

25 4034 219 4132 liilpcrg,
245 4023 500 4125 Scholicberg,
526 4045 560 4102 et
578 4031 751 4121 Magister
767 4031 941 4127 Equitum
956 4029 1037 4132 Ly.

25 4133 193 4218 cannis.
216 4133 280 4228 qui
303 4159 346 4208 ex
364 4135 528 4218 vulnere,
551 4135 686 4204 cumin
699 4137 825 4206 urbem
842 4137 971 4207 ductus
985 4163 1038 4207 es-

21 4263 106 4328 ser,
146 4252 313 4326 moratus
336 4250 399 4308 est.
465 4235 589 4308 Postea
611 4262 736 4308 cursen
757 4253 954 4330 pugnatum
977 4253 1039 4320 est,

20 4367 53 4422 et
72 4346 186 4418 cives
201 4340 341 4410 circiter
357 4339 501 4429 triginta
518 4340 694 4412 interlecti
708 4356 801 4413 sunt.
853 4340 951 4412 Haec
968 4344 1038 4412 ini-

17 4455 77 4520 tia
116 4443 231 4538 quale
260 4441 394 4517 bellum
422 4443 579 4534 paritura
602 4443 675 4514 sint
701 4444 905 4516 ratiocinari
932 4460 1040 4536 potes·

20 4549 200 4620 Oremus
218 4543 331 4613 lilium
347 4543 431 4628 Dei,
456 4543 497 4614 n't
512 4545 617 4616 nobis
632 4545 725 4625 adsit
741 4560 775 4616 et
789 4561 904 4617 servet
916 4541 1039 4618 Eccle-

12 4655 96 4726 siae
122 4645 311 4742 reliquias.
362 4643 460 4716 Bene
476 4646 572 4734 vale,
596 4661 631 4720 et
647 4648 846 4722 da'veniam
860 4649 1039 4729 brevitati.

737 4747 937 4846 Philippus.

4 4927 114 4944 ..u-*¹⁶
155 4923 266 4934 ‘’⁸-

30 5039 73 5106 ι)
108 5025 199 5084 Obiit
220 5021 291 5078 diem
310 5023 361 5078 sels
376 5023 474 5078 esiltrm
489 5023 589 5078 messis
603 5025 716 5094 :lugenti
732 5027 805 5081 1550.
842 5025 1038 5083 viasletsee.

114 5137 126 5156 .
138 5095 211 5152 683.

32 5119 191 5276 npvid.
205 5211 247 5266 ep.
261 5195 293 5250 sd
308 5193 486 5250 eterit-trun
499 5195 525 5250 d.
536 5194 563 5248 l.
576 5193 671 5266 Septb.
686 5193 712 5248 h.
725 5214 748 5250 e.

29 5313 75 5378 ²’
85 5295 481 5435 ..⁵.¹?⁶‹3‡t':.'.t.⁶.⁰tlt⁰‘.;²l
496 5293 1038 5448 lffiilafflstllllltlltl‘ls

85 5451 198 5518 nuper
212 5443 324 5490 venerat
337 5437 484 5504 Augustam
503 5433 695 5500 (adramitis),
714 5453 728 5488 e
742 5444 792 5486 ecte
804 5434 919 5490 decedit.
935 5465 971 5478 -
1008 5435 1037 5490 ln

86 5511 193 5580 ipsius
221 5501 313 5557 locurn
337 5513 419 5574 etque
443 5501 613 5558 sanctionem
638 5501 769 5560 successit
792 5505 933 5560 Antonias
955 5503 1037 5572 lilius,

82 5576 256 5648 epiecopus
270 5569 471 5634 Atrebateusis,
492 5575 563 5624 etc.”

19 5661 223 5724 secana.
244 5651 347 5716 Ores.
374 5650 457 5716 Vos..
472 5647 546 5712 vll.

1093 1431 1270 1524 proximae
1286 1432 1468 1504 concionis
1481 1435 1526 1504 de
1540 1437 1677 1522 saucio,
1708 1441 1771 1532 qui
1788 1465 1829 1512 ex
1845 1447 1936 1516 urbe
1952 1447 2089 1525 Hiero-

1092 1527 1239 1625 solyma
1262 1533 1331 1604 iter
1353 1535 1436 1607 lecit
1458 1539 1503 1608 ad
1519 1530 1780 1616 [scicitantem.
1833 1543 1933 1620 Talis
1951 1575 2089 1646 semper

1094 1648 1144 1704 est
1161 1631 1319 1705 Ecclesia
1344 1637 1471 1708 misera
1489 1652 1524 1708 et
1539 1641 1702 1714 lacerata.
1751 1641 1799 1716 El
1814 1671 1955 1722 oremus
1972 1670 2012 1725 ut
2027 1681 2089 1726 ve-

1094 1737 1168 1806 niat
1183 1731 1465 1826 Samaritanus,
1490 1767 1595 1835 quem
1612 1745 1663 1814 ibi
1678 1747 1767 1816 vidit
1779 1760 1928 1822 stantem
1943 1755 1980 1824 in
1996 1761 2088 1828 scala

1098 1835 1120 1908 I
1120 1833 1230 1930 acab,
1257 1851 1291 1910 el
1308 1854 1407 1909 sanet
1421 1865 1487 1912 nos
1501 1845 1647 1920 saucios.
1698 1845 1870 1922 Relutare
1886 1879 1942 1926 mc
1959 1852 2091 1930 Floria·

1096 1939 1277 2011 mendacia
1300 1965 1440 2012 necesse
1462 1958 1523 2018 est.
1573 1944 1768 2042 Nunquam
1783 1953 1877 2041 dixi,
1903 1982 2088 2055 nunquam

1094 2043 1237 2136 scripsi,
1270 2067 1454 2137 nunquam
1477 2047 1645 2136 cogitavi,
1675 2055 1771 2144 quod
1806 2056 1857 2128 ait
1886 2084 1943 2130 me
1972 2063 2089 2136 dicere

1095 2141 1364 2244 ἀκριβολογίαν
1388 2142 1453 2220 καὶ
1483 2145 1726 2249 lancelopc'av
1757 2179 1852 2244 esse,
1885 2156 1977 2234 hanc
2004 2191 2088 2258 pro-

1096 2249 1326 2340 positionem,
1345 2243 1441 2318 Sola
1452 2243 1536 2341 fida
1561 2245 1818 2346 iaslrjicamar.
1881 2261 1974 2338 Meis
2002 2271 2090 2339 scri.

1096 2351 1165 2444 ptis
1185 2345 1271 2420 haec
1296 2351 1492 2442 propositio
1520 2353 1695 2427 declarata
1729 2374 1799 2446 est,
1836 2378 1870 2434 et
1899 2368 1943 2436 de
1971 2373 2088 2440 exclu-

1095 2453 1170 2524 siva
1187 2468 1346 2523 accurate
1357 2477 1495 2546 semper
1511 2456 1651 2528 locutus
1668 2482 1766 2544 sarm,
1793 2467 1986 2560 etquidem
2005 2473 2090 2542 dili·
2174 2447 2179 2466 .

1095 2555 1233 2646 gentius
1249 2577 1356 2650 quam
1373 2555 1446 2628 alii.
1485 2555 1593 2648 Quod
1608 2557 1649 2633 C.
1667 2559 1709 2634 V.
1727 2565 1849 2638 scribit
1864 2573 1997 2642 multos
2012 2599 2091 2646 mo-

1095 2657 1171 2726 veri
1204 2657 1351 2727 illorum
1383 2659 1592 2746 calumniis,
1633 2664 1802 2738 usitatum
1839 2686 1890 2743 cst
1923 2675 2088 2748 delectari

1096 2759 1227 2830 multos
1250 2761 1462 2848 mendaciis,
1489 2767 1695 2855 praesertim
1716 2793 1797 2839 cum
1821 2767 1984 2848 homines
2006 2805 2091 2870 pro-

1094 2863 1169 2932 iaui
1191 2860 1337 2955 plurimi
1360 2863 1450 2950 sint,
1482 2867 1544 2960 qui
1568 2891 1643 2938 non
1664 2871 1865 2960 veritatem,
1895 2881 1956 2948 sed
1979 2881 2091 2950 licen-

1095 2965 1181 3036 tiam
1201 2963 1405 3036 confirmari
1429 2967 1567 3042 volunt.
1624 2967 1702 3061 Ego
1729 2976 1834 3048 exilia
1856 2993 1917 3050 aut
1938 2999 2090 3056 mortem

1095 3067 1234 3138 facilius
1248 3067 1370 3154 seram,
1395 3093 1502 3162 quam
1516 3064 1602 3141 haec
1613 3073 1817 3164 viperarum
1832 3103 1980 3170 venena,
2001 3109 2092 3178 qnae

1095 3185 1213 3242 tamen
1228 3182 1370 3262 potero,
1395 3171 1425 3238 si
1441 3194 1502 3242 ero
1519 3174 1625 3258 alibi,
1651 3189 1684 3246 et
1702 3179 1732 3246 si
1750 3181 1878 3262 vivam,
1906 3187 2092 3278 depellere.

1096 3271 1179 3342 Fuit
1195 3295 1273 3342 rnea
1291 3273 1467 3360 voluntas,
1488 3276 1607 3346 lovere
1623 3272 1749 3350 harum
1765 3277 2002 3356 Ecclesiarum
2020 3305 2091 3360 sta-

1094 3391 1193 3460 tum,
1219 3387 1254 3444 et
1276 3369 1393 3444 adhuc
1412 3399 1476 3445 oro
1493 3374 1631 3464 Deum,
1663 3395 1704 3451 ut
1721 3407 1777 3451 me
1796 3385 1902 3460 iuvet.
1954 3388 2024 3460 Sed
2040 3393 2091 3460 le·

1094 3501 1169 3546 ram
1204 3477 1374 3571 quicquid
1403 3478 1547 3552 accidet.
1614 3478 1713 3552 Bene
1745 3501 1778 3556 et
1804 3487 1954 3560 feliciter
1977 3493 2091 3565 valeat

1093 3577 1131 3654 C.
1151 3577 1196 3649 V.
1240 3575 1310 3650 Die
1327 3581 1361 3654 7.
1377 3575 1557 3671 Septemb.

1097 3785 1334 3800 Ἠ
1340 3787 1527 3799 mac-m
1534 3789 1615 3800 ...ι-..-
1638 3793 1652 3802 -ι
1658 3793 1824 3806 ...ηιμ--.α
1836 3799 1985 3812 ..ι-...η--ι-
1994 3805 2087 3814 ,-·--

1095 3911 1159 3987 No.
1176 3911 1289 3987 4790.

1099 4011 1270 4038 Μ

1918 3934 2092 4017 (eosne)

1912 4025 2084 4055 w

1408 4085 1474 4172 Io.
1507 4087 1769 4177 Maithesr'a.

1164 4245 1246 4320 Epist.
1263 4245 1308 4302 lii».
1323 4247 1357 4302 ll.
1377 4269 1402 4318 p.
1416 4251 1458 4306 59.
1478 4251 1521 4317 (ed
1548 4251 1633 4306 lond.
1653 4251 1700 4306 lib.
1716 4253 1749 4310 ll.
1770 4273 1813 4327 ep·
1825 4253 1890 4326 ⁴2).
1925 4259 2047 4330 Repetite
2061 4261 2088 4315 in

1195 4317 1265 4372 Mel.
1281 4319 1385 4373 Consil.
1398 4321 1443 4375 lat.
1462 4321 1492 4376 P.
1506 4317 1541 4376 ll.
1563 4341 1589 4392 p.
1605 4321 1661 4374 119.

1297 4475 1351 4549 D.
1375 4473 1593 4550 Iohanni
1615 4473 1886 4556 Malliesio

1093 4611 1141 4706 S.
1167 4625 1212 4698 D.
1261 4625 1472 4698 Reverende
1494 4625 1551 4696 vir
1575 4641 1608 4698 ct
1626 4623 1831 4706 charissime
1845 4639 1973 4718 irater,
2003 4639 2086 4714 Scio

1093 4729 1268 4800 levirum
1296 4729 1505 4818 prudentem
1533 4731 1740 4806 medioriter
1764 4736 1994 4832 introspicere
2026 4767 2087 4836 pc-

1093 4845 1188 4900 ctora
1211 4843 1243 4898 et
1256 4851 1379 4899 sensns
1398 4853 1542 4918 eorum,
1571 4834 1795 4928 quibuscum
1813 4841 1982 4912 diuturna
1999 4869 2087 4915 con-

1093 4933 1242 5002 suetudo
1257 4945 1319 5004 est.
1372 4929 1494 5028 ltaque
1510 4959 1630 5028 spero,
1653 4951 1686 5008 te
1703 4939 1808 5012 etiarn
1825 4965 1938 5012 meam
1957 4946 2086 5019 volun-

1093 5047 1199 5106 latem
1213 5034 1465 5122 considerasse,
1487 5063 1551 5108 nec
1566 5040 1700 5108 moveri
1715 5039 1984 5136 Sycophanticis
1997 5053 2085 5122 scri-

1093 5140 1162 5230 plis
1177 5131 1351 5232 Illyrici,
1368 5139 1431 5233 qni
1448 5139 1632 5210 manifesta
1645 5145 1827 5214 mendacia
1844 5145 1956 5240 fingit.
1981 5150 2084 5223 Nun-

1091 5263 1197 5334 quam
1222 5241 1316 5332 dixi,
1342 5265 1527 5336 uunquam
1549 5242 1691 5334 scripsi,
1717 5269 1900 5341 nunqnam
1923 5255 2084 5344 cogitavi,

1092 5343 1186 5436 quod
1201 5343 1249 5414 ait
1263 5367 1320 5412 me
1333 5344 1472 5430 dixisse,
1496 5339 1748 5446 drevpoloyiaa
1761 5357 1828 5418 aul
1843 5351 2083 5454 iemcloyiar‘

1091 5467 1163 5514 esse
1188 5439 1279 5514 hanc
1300 5447 1450 5516 formam
1473 5445 1663 5540 loquendi,
1695 5442 1790 5519 Sola
1807 5445 1883 5542 fide
1904 5453 2083 5550 iustifica-

1090 5571 1183 5622 mar.
1236 5545 1312 5618 lrno
1337 5548 1521 5643 aliquanto
1544 5549 1647 5642 plura
1669 5553 1713 5622 de
1730 5547 1960 5632 Exclusivac
1976 5561 2082 5632 intel-

1315 5646 1366 5720 ts
