<?xml version="1.0" encoding="UTF-8"?>
<!DOCTYPE html PUBLIC "-//W3C//DTD XHTML 1.0 Transitional//EN"
    "http://www.w3.org/TR/xhtml1/DTD/xhtml1-transitional.dtd">
<html xmlns="http://www.w3.org/1999/xhtml" xml:lang="en" lang="en">
 <head>
  <title>
</title>
<meta http-equiv="Content-Type" content="text/html;charset=utf-8" />
  <meta name='ocr-system' content='tesseract 3.04.00' />
  <meta name='ocr-capabilities' content='ocr_page ocr_carea ocr_par ocr_line ocrx_word'/>
</head>
<body>
  <div class='ocr_page' id='page_1' title='image "./philippimelanth04bindgoog_0550.png"; bbox 0 0 4730 6202; ppageno 0'>
   <div class='ocr_carea' id='block_1_1' title="bbox 244 241 2238 398">
    <p class='ocr_par' dir='ltr' id='par_1_1' title="bbox 244 241 2238 398">
     <span class='ocr_line' id='line_1_1' title="bbox 244 241 2238 398; baseline 0 -4"><span class='ocrx_word' id='word_1_1' title='bbox 244 313 343 398; x_wconf 75' lang='lat' dir='ltr'>cose</span> <span class='ocrx_word' id='word_1_2' title='bbox 827 307 1264 392; x_wconf 79' lang='lat' dir='ltr'>urtsromnou</span> <span class='ocrx_word' id='word_1_3' title='bbox 1314 309 1526 396; x_wconf 79' lang='lat' dir='ltr'>nnxn.</span> <span class='ocrx_word' id='word_1_4' title='bbox 1576 241 1710 398; x_wconf 73' lang='lat' dir='ltr'>asse.</span> <span class='ocrx_word' id='word_1_5' title='bbox 2164 321 2238 398; x_wconf 83' lang='grc' dir='ltr'>ιιιι</span> 
     </span>
    </p>
   </div>
   <div class='ocr_carea' id='block_1_2' title="bbox 219 483 2321 3832">
    <p class='ocr_par' dir='ltr' id='par_1_2' title="bbox 219 483 2321 3832">
     <span class='ocr_line' id='line_1_2' title="bbox 249 483 2239 588; baseline 0 -23"><span class='ocrx_word' id='word_1_6' title='bbox 249 494 407 588; x_wconf 80' lang='lat' dir='ltr'>gelorum</span> <span class='ocrx_word' id='word_1_7' title='bbox 430 490 523 566; x_wconf 85' lang='lat' dir='ltr'>lucc.</span> <span class='ocrx_word' id='word_1_8' title='bbox 579 485 649 560; x_wconf 87' lang='lat' dir='ltr'>llis</span> <span class='ocrx_word' id='word_1_9' title='bbox 673 485 947 580; x_wconf 67' lang='lat' dir='ltr'><strong>cogitationibus</strong></span> <span class='ocrx_word' id='word_1_10' title='bbox 969 487 1150 560; x_wconf 77' lang='lat' dir='ltr'><strong>exulantes</strong></span> <span class='ocrx_word' id='word_1_11' title='bbox 1170 487 1240 559; x_wconf 90' lang='lat' dir='ltr'>sibi</span> <span class='ocrx_word' id='word_1_12' title='bbox 1297 489 1459 562; x_wconf 75' lang='lat' dir='ltr'><strong>auferret.</strong></span> <span class='ocrx_word' id='word_1_13' title='bbox 1517 483 1610 560; x_wconf 91' lang='lat' dir='ltr'>Dedi</span> <span class='ocrx_word' id='word_1_14' title='bbox 1643 488 1752 580; x_wconf 84' lang='lat' dir='ltr'>igitur</span> <span class='ocrx_word' id='word_1_15' title='bbox 1779 489 1810 560; x_wconf 90' lang='lat' dir='ltr'>ei</span> <span class='ocrx_word' id='word_1_16' title='bbox 1841 483 1911 562; x_wconf 91' lang='lat' dir='ltr'>hoc</span> <span class='ocrx_word' id='word_1_17' title='bbox 1936 503 1972 562; x_wconf 91' lang='lat' dir='ltr'>et</span> <span class='ocrx_word' id='word_1_18' title='bbox 1996 489 2110 562; x_wconf 89' lang='lat' dir='ltr'>iudicii</span> <span class='ocrx_word' id='word_1_19' title='bbox 2139 506 2167 564; x_wconf 90' lang='lat' dir='ltr'>et</span> <span class='ocrx_word' id='word_1_20' title='bbox 2191 493 2239 564; x_wconf 88' lang='lat' dir='ltr'>be-</span> 
     </span>
     <span class='ocr_line' id='line_1_3' title="bbox 250 587 2243 685; baseline -0.002 -18"><span class='ocrx_word' id='word_1_21' title='bbox 250 597 386 668; x_wconf 90' lang='lat' dir='ltr'>leniant</span> <span class='ocrx_word' id='word_1_22' title='bbox 402 593 610 674; x_wconf 89' lang='lat' dir='ltr'>dolores,et</span> <span class='ocrx_word' id='word_1_23' title='bbox 628 589 690 662; x_wconf 93' lang='lat' dir='ltr'>alii</span> <span class='ocrx_word' id='word_1_24' title='bbox 707 590 1069 675; x_wconf 83' lang='lat' dir='ltr'>sciant,roluutatem</span> <span class='ocrx_word' id='word_1_25' title='bbox 1082 587 1150 660; x_wconf 93' lang='lat' dir='ltr'>Dei</span> <span class='ocrx_word' id='word_1_26' title='bbox 1166 613 1243 660; x_wconf 87' lang='lat' dir='ltr'>esse</span> <span class='ocrx_word' id='word_1_27' title='bbox 1299 590 1518 662; x_wconf 76' lang='lat' dir='ltr'>nevolentite</span> <span class='ocrx_word' id='word_1_28' title='bbox 1539 591 1796 668; x_wconf 86' lang='lat' dir='ltr'>testimonium.</span> <span class='ocrx_word' id='word_1_29' title='bbox 1853 591 1965 685; x_wconf 91' lang='lat' dir='ltr'>Spero</span> <span class='ocrx_word' id='word_1_30' title='bbox 1989 587 2174 663; x_wconf 87' lang='lat' dir='ltr'>Zachariam</span> <span class='ocrx_word' id='word_1_31' title='bbox 2189 593 2243 668; x_wconf 83' lang='lat' dir='ltr'>l&#39;r-</span> 
     </span>
     <span class='ocr_line' id='line_1_4' title="bbox 250 689 2245 790; baseline -0.001 -22"><span class='ocrx_word' id='word_1_32' title='bbox 250 699 458 770; x_wconf 78' lang='lat' dir='ltr'>benefacere</span> <span class='ocrx_word' id='word_1_33' title='bbox 473 695 543 790; x_wconf 90' lang='lat' dir='ltr'>piis</span> <span class='ocrx_word' id='word_1_34' title='bbox 559 693 731 777; x_wconf 79' lang='lat' dir='ltr'><strong>exulibus,</strong></span> <span class='ocrx_word' id='word_1_35' title='bbox 746 693 951 784; x_wconf 86' lang='lat' dir='ltr'>praesertim</span> <span class='ocrx_word' id='word_1_36' title='bbox 966 691 1217 764; x_wconf 89' lang='lat' dir='ltr'>sacerdotibus.</span> <span class='ocrx_word' id='word_1_37' title='bbox 1296 694 1432 774; x_wconf 89' lang='lat' dir='ltr'>sinum,</span> <span class='ocrx_word' id='word_1_38' title='bbox 1459 689 1534 762; x_wconf 83' lang='lat' dir='ltr'>Deo</span> <span class='ocrx_word' id='word_1_39' title='bbox 1550 693 1711 772; x_wconf 88' lang='lat' dir='ltr'>iuvante,</span> <span class='ocrx_word' id='word_1_40' title='bbox 1736 693 1817 764; x_wconf 89' lang='lat' dir='ltr'>usui</span> <span class='ocrx_word' id='word_1_41' title='bbox 1834 707 1868 764; x_wconf 91' lang='lat' dir='ltr'>et</span> <span class='ocrx_word' id='word_1_42' title='bbox 1884 707 2089 766; x_wconf 90' lang='lat' dir='ltr'>ornamento</span> <span class='ocrx_word' id='word_1_43' title='bbox 2103 695 2168 766; x_wconf 90' lang='lat' dir='ltr'>lore</span> <span class='ocrx_word' id='word_1_44' title='bbox 2178 691 2245 769; x_wconf 87' lang='lat' dir='ltr'>llei-</span> 
     </span>
     <span class='ocr_line' id='line_1_5' title="bbox 290 785 2245 889; baseline -0.002 -19"><span class='ocrx_word' id='word_1_45' title='bbox 290 879 292 886; x_wconf 36' lang='grc'>,</span> <span class='ocrx_word' id='word_1_46' title='bbox 353 797 439 870; x_wconf 80' lang='lat' dir='ltr'>Fuit</span> <span class='ocrx_word' id='word_1_47' title='bbox 454 811 570 868; x_wconf 88' lang='lat' dir='ltr'>autem</span> <span class='ocrx_word' id='word_1_48' title='bbox 586 791 645 865; x_wconf 93' lang='lat' dir='ltr'>hie</span> <span class='ocrx_word' id='word_1_49' title='bbox 662 795 884 864; x_wconf 87' lang='lat' dir='ltr'>venerandus</span> <span class='ocrx_word' id='word_1_50' title='bbox 901 817 1025 879; x_wconf 80' lang='lat' dir='ltr'>senex,</span> <span class='ocrx_word' id='word_1_51' title='bbox 1051 785 1243 862; x_wconf 75' lang='lat' dir='ltr'>Iohannes</span> <span class='ocrx_word' id='word_1_52' title='bbox 1299 794 1394 884; x_wconf 89' lang='lat' dir='ltr'>publ.</span> <span class='ocrx_word' id='word_1_53' title='bbox 1415 793 1499 888; x_wconf 88' lang='lat' dir='ltr'>quia</span> <span class='ocrx_word' id='word_1_54' title='bbox 1525 807 1651 866; x_wconf 90' lang='lat' dir='ltr'>natura</span> <span class='ocrx_word' id='word_1_55' title='bbox 1676 796 1754 864; x_wconf 89' lang='lat' dir='ltr'>eius</span> <span class='ocrx_word' id='word_1_56' title='bbox 1766 809 1819 867; x_wconf 87' lang='lat' dir='ltr'>est</span> <span class='ocrx_word' id='word_1_57' title='bbox 1840 797 1946 867; x_wconf 84' lang='lat' dir='ltr'>arida</span> <span class='ocrx_word' id='word_1_58' title='bbox 1960 810 1997 868; x_wconf 89' lang='lat' dir='ltr'>et</span> <span class='ocrx_word' id='word_1_59' title='bbox 2009 820 2112 889; x_wconf 79' lang='lat' dir='ltr'>capu</span> <span class='ocrx_word' id='word_1_60' title='bbox 2125 798 2245 888; x_wconf 88' lang='lat' dir='ltr'>optima·</span> 
     </span>
     <span class='ocr_line' id='line_1_6' title="bbox 252 891 2248 990; baseline -0.003 -16"><span class='ocrx_word' id='word_1_61' title='bbox 252 896 390 986; x_wconf 80' lang='lat' dir='ltr'>Polus,</span> <span class='ocrx_word' id='word_1_62' title='bbox 413 898 570 970; x_wconf 89' lang='lat' dir='ltr'>uatusin</span> <span class='ocrx_word' id='word_1_63' title='bbox 587 891 1092 990; x_wconf 80' lang='lat' dir='ltr'>oppidoFraneicoBeirreut‚</span> <span class='ocrx_word' id='word_1_64' title='bbox 1116 893 1243 966; x_wconf 79' lang='lat' dir='ltr'><strong>Pastor</strong></span> <span class='ocrx_word' id='word_1_65' title='bbox 1300 919 1376 964; x_wconf 85' lang='lat' dir='ltr'>rum</span> <span class='ocrx_word' id='word_1_66' title='bbox 1401 895 1542 970; x_wconf 90' lang='lat' dir='ltr'>artium.</span> <span class='ocrx_word' id='word_1_67' title='bbox 1598 895 1738 968; x_wconf 88' lang='lat' dir='ltr'><strong>Didicit</strong></span> <span class='ocrx_word' id='word_1_68' title='bbox 1760 898 1869 988; x_wconf 82' lang='lat' dir='ltr'>igitur</span> <span class='ocrx_word' id='word_1_69' title='bbox 1897 898 2055 988; x_wconf 80' lang='lat' dir='ltr'>linguatu</span> <span class='ocrx_word' id='word_1_70' title='bbox 2077 898 2203 968; x_wconf 90' lang='lat' dir='ltr'>latinam</span> <span class='ocrx_word' id='word_1_71' title='bbox 2223 913 2248 969; x_wconf 90' lang='lat' dir='ltr'>et</span> 
     </span>
     <span class='ocr_line' id='line_1_7' title="bbox 251 991 2248 1098; baseline -0.003 -24"><span class='ocrx_word' id='word_1_72' title='bbox 251 1005 292 1074; x_wconf 90' lang='lat' dir='ltr'>in</span> <span class='ocrx_word' id='word_1_73' title='bbox 308 1003 440 1096; x_wconf 93' lang='lat' dir='ltr'>oppido</span> <span class='ocrx_word' id='word_1_74' title='bbox 454 993 702 1098; x_wconf 85' lang='lat' dir='ltr'>Poppenreut,</span> <span class='ocrx_word' id='word_1_75' title='bbox 726 999 824 1092; x_wconf 93' lang='lat' dir='ltr'>quod</span> <span class='ocrx_word' id='word_1_76' title='bbox 841 997 878 1066; x_wconf 93' lang='lat' dir='ltr'>in</span> <span class='ocrx_word' id='word_1_77' title='bbox 894 991 961 1067; x_wconf 93' lang='lat' dir='ltr'>hoc</span> <span class='ocrx_word' id='word_1_78' title='bbox 977 997 1070 1068; x_wconf 89' lang='lat' dir='ltr'>tristi</span> <span class='ocrx_word' id='word_1_79' title='bbox 1087 997 1180 1068; x_wconf 93' lang='lat' dir='ltr'>bello</span> <span class='ocrx_word' id='word_1_80' title='bbox 1205 996 1243 1064; x_wconf 95' lang='lat' dir='ltr'>in</span> <span class='ocrx_word' id='word_1_81' title='bbox 1296 1019 1473 1086; x_wconf 82' lang='lat' dir='ltr'>graecam,</span> <span class='ocrx_word' id='word_1_82' title='bbox 1507 995 1608 1067; x_wconf 89' lang='lat' dir='ltr'>initia</span> <span class='ocrx_word' id='word_1_83' title='bbox 1624 992 1894 1092; x_wconf 79' lang='lat' dir='ltr'><strong>Philosophiae,</strong></span> <span class='ocrx_word' id='word_1_84' title='bbox 1918 1013 1954 1072; x_wconf 91' lang='lat' dir='ltr'>et</span> <span class='ocrx_word' id='word_1_85' title='bbox 1968 999 2248 1092; x_wconf 84' lang='lat' dir='ltr'>iucorntptamdo-</span> 
     </span>
     <span class='ocr_line' id='line_1_8' title="bbox 252 1094 2250 1194; baseline -0.003 -18"><span class='ocrx_word' id='word_1_86' title='bbox 252 1103 382 1176; x_wconf 85' lang='lat' dir='ltr'>vicinia</span> <span class='ocrx_word' id='word_1_87' title='bbox 400 1101 615 1192; x_wconf 82' lang='lat' dir='ltr'>Noribergac</span> <span class='ocrx_word' id='word_1_88' title='bbox 629 1099 807 1193; x_wconf 89' lang='lat' dir='ltr'>direptum</span> <span class='ocrx_word' id='word_1_89' title='bbox 827 1111 862 1168; x_wconf 91' lang='lat' dir='ltr'>et</span> <span class='ocrx_word' id='word_1_90' title='bbox 878 1099 1005 1169; x_wconf 92' lang='lat' dir='ltr'>deiude</span> <span class='ocrx_word' id='word_1_91' title='bbox 1020 1100 1243 1170; x_wconf 88' lang='lat' dir='ltr'>combustum</span> <span class='ocrx_word' id='word_1_92' title='bbox 1297 1099 1446 1169; x_wconf 91' lang='lat' dir='ltr'>ctrinam</span> <span class='ocrx_word' id='word_1_93' title='bbox 1470 1094 1650 1168; x_wconf 77' lang='lat' dir='ltr'>Ecclesiae</span> <span class='ocrx_word' id='word_1_94' title='bbox 1673 1095 1752 1170; x_wconf 85' lang='lat' dir='ltr'>Dei.</span> <span class='ocrx_word' id='word_1_95' title='bbox 1810 1097 1860 1171; x_wconf 86' lang='lat' dir='ltr'>Et</span> <span class='ocrx_word' id='word_1_96' title='bbox 1880 1101 1991 1172; x_wconf 91' lang='lat' dir='ltr'>animi</span> <span class='ocrx_word' id='word_1_97' title='bbox 2015 1101 2168 1194; x_wconf 90' lang='lat' dir='ltr'>pietatem</span> <span class='ocrx_word' id='word_1_98' title='bbox 2188 1126 2250 1172; x_wconf 84' lang='lat' dir='ltr'>ren</span> 
     </span>
     <span class='ocr_line' id='line_1_9' title="bbox 255 1196 2251 1295; baseline -0.003 -17"><span class='ocrx_word' id='word_1_99' title='bbox 255 1219 318 1278; x_wconf 91' lang='lat' dir='ltr'>est.</span> <span class='ocrx_word' id='word_1_100' title='bbox 367 1203 472 1276; x_wconf 90' lang='lat' dir='ltr'>Nunc</span> <span class='ocrx_word' id='word_1_101' title='bbox 487 1227 567 1275; x_wconf 91' lang='lat' dir='ltr'>cum</span> <span class='ocrx_word' id='word_1_102' title='bbox 580 1196 728 1274; x_wconf 87' lang='lat' dir='ltr'>honesta</span> <span class='ocrx_word' id='word_1_103' title='bbox 754 1201 903 1291; x_wconf 78' lang='lat' dir='ltr'>coniuge</span> <span class='ocrx_word' id='word_1_104' title='bbox 926 1213 960 1271; x_wconf 92' lang='lat' dir='ltr'>et</span> <span class='ocrx_word' id='word_1_105' title='bbox 976 1213 1131 1295; x_wconf 89' lang='lat' dir='ltr'>quatuor</span> <span class='ocrx_word' id='word_1_106' title='bbox 1151 1199 1245 1270; x_wconf 87' lang='lat' dir='ltr'>natis</span> <span class='ocrx_word' id='word_1_107' title='bbox 1300 1199 1523 1270; x_wconf 88' lang='lat' dir='ltr'>invocatione</span> <span class='ocrx_word' id='word_1_108' title='bbox 1542 1198 1610 1274; x_wconf 88' lang='lat' dir='ltr'>Dei</span> <span class='ocrx_word' id='word_1_109' title='bbox 1635 1213 1670 1272; x_wconf 87' lang='lat' dir='ltr'>et</span> <span class='ocrx_word' id='word_1_110' title='bbox 1692 1196 1839 1274; x_wconf 80' lang='lat' dir='ltr'>honesta</span> <span class='ocrx_word' id='word_1_111' title='bbox 1867 1227 2008 1290; x_wconf 82' lang='lat' dir='ltr'>morum</span> <span class='ocrx_word' id='word_1_112' title='bbox 2031 1203 2251 1294; x_wconf 69' lang='lat' dir='ltr'>getberuatioue</span> 
     </span>
     <span class='ocr_line' id='line_1_10' title="bbox 254 1297 2253 1404; baseline -0.003 -27"><span class='ocrx_word' id='word_1_113' title='bbox 254 1307 394 1404; x_wconf 86' lang='lat' dir='ltr'>quaerit</span> <span class='ocrx_word' id='word_1_114' title='bbox 415 1305 547 1377; x_wconf 84' lang='lat' dir='ltr'>alicubi</span> <span class='ocrx_word' id='word_1_115' title='bbox 568 1304 746 1376; x_wconf 87' lang='lat' dir='ltr'><strong>nidulum.</strong></span> <span class='ocrx_word' id='word_1_116' title='bbox 798 1301 939 1394; x_wconf 88' lang='lat' dir='ltr'>Quaeso</span> <span class='ocrx_word' id='word_1_117' title='bbox 965 1301 1091 1393; x_wconf 80' lang='lat' dir='ltr'>igitur,</span> <span class='ocrx_word' id='word_1_118' title='bbox 1113 1315 1155 1374; x_wconf 91' lang='lat' dir='ltr'>ut</span> <span class='ocrx_word' id='word_1_119' title='bbox 1177 1297 1246 1372; x_wconf 92' lang='lat' dir='ltr'>ho-</span> <span class='ocrx_word' id='word_1_120' title='bbox 1298 1301 1475 1394; x_wconf 77' lang='lat' dir='ltr'>csprimit.</span> <span class='ocrx_word' id='word_1_121' title='bbox 1525 1300 1580 1374; x_wconf 83' lang='lat' dir='ltr'>Ac</span> <span class='ocrx_word' id='word_1_122' title='bbox 1595 1303 1773 1394; x_wconf 87' lang='lat' dir='ltr'>specimen</span> <span class='ocrx_word' id='word_1_123' title='bbox 1787 1301 1941 1394; x_wconf 79' lang='lat' dir='ltr'>ingenii,</span> <span class='ocrx_word' id='word_1_124' title='bbox 1956 1305 2150 1376; x_wconf 85' lang='lat' dir='ltr'>studiorum</span> <span class='ocrx_word' id='word_1_125' title='bbox 2164 1317 2194 1375; x_wconf 90' lang='lat' dir='ltr'>et</span> <span class='ocrx_word' id='word_1_126' title='bbox 2206 1331 2253 1372; x_wconf 87' lang='lat' dir='ltr'>m-</span> 
     </span>
     <span class='ocr_line' id='line_1_11' title="bbox 255 1399 2254 1500; baseline -0.002 -19"><span class='ocrx_word' id='word_1_127' title='bbox 255 1409 348 1480; x_wconf 89' lang='lat' dir='ltr'>nesti</span> <span class='ocrx_word' id='word_1_128' title='bbox 362 1408 434 1479; x_wconf 88' lang='lat' dir='ltr'>viri</span> <span class='ocrx_word' id='word_1_129' title='bbox 448 1406 698 1478; x_wconf 87' lang='lat' dir='ltr'>commendent</span> <span class='ocrx_word' id='word_1_130' title='bbox 713 1399 792 1500; x_wconf 70' lang='grc' dir='ltr'>οῖ’)</span> <span class='ocrx_word' id='word_1_131' title='bbox 806 1403 938 1474; x_wconf 89' lang='lat' dir='ltr'>alicubi</span> <span class='ocrx_word' id='word_1_132' title='bbox 952 1399 1164 1487; x_wconf 76' lang='lat' dir='ltr'>Ecclesiam,</span> <span class='ocrx_word' id='word_1_133' title='bbox 1181 1401 1244 1474; x_wconf 91' lang='lat' dir='ltr'>ubi</span> <span class='ocrx_word' id='word_1_134' title='bbox 1299 1403 1444 1476; x_wconf 82' lang='lat' dir='ltr'>luntatis</span> <span class='ocrx_word' id='word_1_135' title='bbox 1459 1402 1590 1490; x_wconf 88' lang='lat' dir='ltr'>edidit,</span> <span class='ocrx_word' id='word_1_136' title='bbox 1615 1403 1665 1474; x_wconf 90' lang='lat' dir='ltr'>ita</span> <span class='ocrx_word' id='word_1_137' title='bbox 1686 1405 1826 1498; x_wconf 85' lang='lat' dir='ltr'>scriptis</span> <span class='ocrx_word' id='word_1_138' title='bbox 1843 1405 2080 1488; x_wconf 77' lang='lat' dir='ltr'>carminibus,</span> <span class='ocrx_word' id='word_1_139' title='bbox 2103 1419 2141 1476; x_wconf 94' lang='lat' dir='ltr'>ut</span> <span class='ocrx_word' id='word_1_140' title='bbox 2160 1407 2254 1476; x_wconf 92' lang='lat' dir='ltr'>erudi·</span> 
     </span>
     <span class='ocr_line' id='line_1_12' title="bbox 255 1502 2255 1598; baseline -0.001 -17"><span class='ocrx_word' id='word_1_141' title='bbox 255 1513 324 1582; x_wconf 90' lang='lat' dir='ltr'>erit</span> <span class='ocrx_word' id='word_1_142' title='bbox 338 1509 485 1581; x_wconf 88' lang='lat' dir='ltr'>occasio.</span> <span class='ocrx_word' id='word_1_143' title='bbox 536 1506 674 1578; x_wconf 91' lang='lat' dir='ltr'>luterca</span> <span class='ocrx_word' id='word_1_144' title='bbox 690 1505 793 1577; x_wconf 88' lang='lat' dir='ltr'>etiam</span> <span class='ocrx_word' id='word_1_145' title='bbox 808 1529 912 1598; x_wconf 91' lang='lat' dir='ltr'>opem</span> <span class='ocrx_word' id='word_1_146' title='bbox 924 1507 1065 1576; x_wconf 83' lang='lat' dir='ltr'>fueraut</span> <span class='ocrx_word' id='word_1_147' title='bbox 1080 1507 1112 1576; x_wconf 93' lang='lat' dir='ltr'>ei</span> <span class='ocrx_word' id='word_1_148' title='bbox 1130 1506 1175 1574; x_wconf 88' lang='lat' dir='ltr'>iis</span> <span class='ocrx_word' id='word_1_149' title='bbox 1190 1507 1244 1576; x_wconf 84' lang='lat' dir='ltr'>of·</span> <span class='ocrx_word' id='word_1_150' title='bbox 1299 1502 1549 1598; x_wconf 88' lang='lat' dir='ltr'>tisetpropter</span> <span class='ocrx_word' id='word_1_151' title='bbox 1570 1529 1737 1578; x_wconf 87' lang='lat' dir='ltr'>versuum</span> <span class='ocrx_word' id='word_1_152' title='bbox 1758 1505 1990 1598; x_wconf 71' lang='lat' dir='ltr'>elegantiam,</span> <span class='ocrx_word' id='word_1_153' title='bbox 2013 1521 2048 1580; x_wconf 92' lang='lat' dir='ltr'>et</span> <span class='ocrx_word' id='word_1_154' title='bbox 2067 1532 2176 1580; x_wconf 87' lang='lat' dir='ltr'>retum</span> <span class='ocrx_word' id='word_1_155' title='bbox 2195 1531 2255 1598; x_wconf 76' lang='lat' dir='ltr'>gra·</span> 
     </span>
     <span class='ocr_line' id='line_1_13' title="bbox 255 1603 2254 1704; baseline -0.002 -21"><span class='ocrx_word' id='word_1_156' title='bbox 255 1614 363 1698; x_wconf 90' lang='lat' dir='ltr'>liciis,</span> <span class='ocrx_word' id='word_1_157' title='bbox 393 1635 482 1704; x_wconf 80' lang='lat' dir='ltr'>qttae</span> <span class='ocrx_word' id='word_1_158' title='bbox 507 1609 676 1702; x_wconf 88' lang='lat' dir='ltr'>praestari</span> <span class='ocrx_word' id='word_1_159' title='bbox 699 1621 858 1700; x_wconf 89' lang='lat' dir='ltr'>possunt.</span> <span class='ocrx_word' id='word_1_160' title='bbox 917 1605 1014 1678; x_wconf 90' lang='lat' dir='ltr'>Haec</span> <span class='ocrx_word' id='word_1_161' title='bbox 1037 1607 1148 1700; x_wconf 90' lang='lat' dir='ltr'>pietas</span> <span class='ocrx_word' id='word_1_162' title='bbox 1166 1605 1242 1678; x_wconf 91' lang='lat' dir='ltr'>Deo</span> <span class='ocrx_word' id='word_1_163' title='bbox 1299 1606 1441 1678; x_wconf 86' lang='lat' dir='ltr'>vitatem</span> <span class='ocrx_word' id='word_1_164' title='bbox 1457 1607 1628 1698; x_wconf 85' lang='lat' dir='ltr'>placeant.</span> <span class='ocrx_word' id='word_1_165' title='bbox 1655 1603 1789 1698; x_wconf 83' lang='lat' dir='ltr'>Estque</span> <span class='ocrx_word' id='word_1_166' title='bbox 1802 1609 1916 1680; x_wconf 88' lang='lat' dir='ltr'>virtus</span> <span class='ocrx_word' id='word_1_167' title='bbox 1930 1609 2038 1700; x_wconf 72' lang='lat' dir='ltr'>digna</span> <span class='ocrx_word' id='word_1_168' title='bbox 2053 1610 2254 1704; x_wconf 82' lang='lat' dir='ltr'>laude,quod</span> 
     </span>
     <span class='ocr_line' id='line_1_14' title="bbox 256 1705 2255 1805; baseline -0.003 -20"><span class='ocrx_word' id='word_1_169' title='bbox 256 1728 352 1805; x_wconf 81' lang='lat' dir='ltr'>grata</span> <span class='ocrx_word' id='word_1_170' title='bbox 370 1727 441 1792; x_wconf 89' lang='lat' dir='ltr'>est,</span> <span class='ocrx_word' id='word_1_171' title='bbox 464 1713 527 1804; x_wconf 89' lang='lat' dir='ltr'>qui</span> <span class='ocrx_word' id='word_1_172' title='bbox 540 1709 693 1780; x_wconf 90' lang='lat' dir='ltr'>vicissim</span> <span class='ocrx_word' id='word_1_173' title='bbox 708 1709 848 1799; x_wconf 71' lang='lat' dir='ltr'>mitigat</span> <span class='ocrx_word' id='word_1_174' title='bbox 863 1708 924 1792; x_wconf 88' lang='lat' dir='ltr'>iis,</span> <span class='ocrx_word' id='word_1_175' title='bbox 949 1709 1012 1802; x_wconf 91' lang='lat' dir='ltr'>qui</span> <span class='ocrx_word' id='word_1_176' title='bbox 1034 1710 1072 1778; x_wconf 94' lang='lat' dir='ltr'>iu</span> <span class='ocrx_word' id='word_1_177' title='bbox 1089 1705 1157 1780; x_wconf 91' lang='lat' dir='ltr'>hoc</span> <span class='ocrx_word' id='word_1_178' title='bbox 1183 1731 1242 1798; x_wconf 82' lang='lat' dir='ltr'>ge-</span> <span class='ocrx_word' id='word_1_179' title='bbox 1298 1731 1379 1778; x_wconf 86' lang='lat' dir='ltr'>curu</span> <span class='ocrx_word' id='word_1_180' title='bbox 1395 1731 1483 1778; x_wconf 85' lang='lat' dir='ltr'>vena</span> <span class='ocrx_word' id='word_1_181' title='bbox 1499 1707 1631 1798; x_wconf 76' lang='lat' dir='ltr'>ingenii</span> <span class='ocrx_word' id='word_1_182' title='bbox 1645 1709 1824 1798; x_wconf 76' lang='lat' dir='ltr'>singulare</span> <span class='ocrx_word' id='word_1_183' title='bbox 1834 1707 1904 1780; x_wconf 92' lang='lat' dir='ltr'>Dei</span> <span class='ocrx_word' id='word_1_184' title='bbox 1917 1712 2054 1782; x_wconf 89' lang='lat' dir='ltr'>donum</span> <span class='ocrx_word' id='word_1_185' title='bbox 2068 1713 2123 1796; x_wconf 91' lang='lat' dir='ltr'>sit,</span> <span class='ocrx_word' id='word_1_186' title='bbox 2137 1727 2173 1783; x_wconf 94' lang='lat' dir='ltr'>ut</span> <span class='ocrx_word' id='word_1_187' title='bbox 2185 1707 2255 1780; x_wconf 87' lang='lat' dir='ltr'>hauc</span> 
     </span>
     <span class='ocr_line' id='line_1_15' title="bbox 219 1805 2256 1902; baseline -0.001 -16"><span class='ocrx_word' id='word_1_188' title='bbox 219 1886 223 1896; x_wconf 70' lang='grc'>,</span> <span class='ocrx_word' id='word_1_189' title='bbox 256 1841 340 1886; x_wconf 88' lang='lat' dir='ltr'>nere</span> <span class='ocrx_word' id='word_1_190' title='bbox 357 1827 439 1884; x_wconf 90' lang='lat' dir='ltr'>suut</span> <span class='ocrx_word' id='word_1_191' title='bbox 453 1813 600 1884; x_wconf 81' lang='lat' dir='ltr'>officiosi</span> <span class='ocrx_word' id='word_1_192' title='bbox 619 1811 777 1902; x_wconf 90' lang='lat' dir='ltr'>publicas</span> <span class='ocrx_word' id='word_1_193' title='bbox 800 1823 833 1880; x_wconf 91' lang='lat' dir='ltr'>et</span> <span class='ocrx_word' id='word_1_194' title='bbox 851 1811 1003 1900; x_wconf 86' lang='lat' dir='ltr'>privatas</span> <span class='ocrx_word' id='word_1_195' title='bbox 1021 1811 1245 1893; x_wconf 78' lang='lat' dir='ltr'>calamitates,</span> <span class='ocrx_word' id='word_1_196' title='bbox 1299 1805 1428 1880; x_wconf 85' lang='lat' dir='ltr'>Autori</span> <span class='ocrx_word' id='word_1_197' title='bbox 1459 1809 1752 1898; x_wconf 74' lang='lat' dir='ltr'>significationem</span> <span class='ocrx_word' id='word_1_198' title='bbox 1785 1813 2015 1902; x_wconf 77' lang='lat' dir='ltr'>gratitudinis</span> <span class='ocrx_word' id='word_1_199' title='bbox 2049 1815 2185 1898; x_wconf 91' lang='lat' dir='ltr'>reddat,</span> <span class='ocrx_word' id='word_1_200' title='bbox 2211 1835 2256 1882; x_wconf 86' lang='lat' dir='ltr'>suo</span> 
     </span>
     <span class='ocr_line' id='line_1_16' title="bbox 255 1905 2257 2010; baseline -0.002 -22"><span class='ocrx_word' id='word_1_201' title='bbox 255 1919 347 1988; x_wconf 85' lang='lat' dir='ltr'>sicut</span> <span class='ocrx_word' id='word_1_202' title='bbox 367 1914 536 2007; x_wconf 87' lang='lat' dir='ltr'>scriptum</span> <span class='ocrx_word' id='word_1_203' title='bbox 563 1926 631 1984; x_wconf 86' lang='lat' dir='ltr'>est:</span> <span class='ocrx_word' id='word_1_204' title='bbox 663 1909 764 1982; x_wconf 84' lang='lat' dir='ltr'>beuti</span> <span class='ocrx_word' id='word_1_205' title='bbox 784 1905 1053 1998; x_wconf 83' lang='lat' dir='ltr'>misericordes,</span> <span class='ocrx_word' id='word_1_206' title='bbox 1078 1910 1168 2010; x_wconf 83' lang='lat' dir='ltr'>quia</span> <span class='ocrx_word' id='word_1_207' title='bbox 1193 1909 1245 1980; x_wconf 83' lang='lat' dir='ltr'>vi·</span> <span class='ocrx_word' id='word_1_208' title='bbox 1298 1933 1378 1982; x_wconf 91' lang='lat' dir='ltr'>eutn</span> <span class='ocrx_word' id='word_1_209' title='bbox 1394 1912 1491 1980; x_wconf 92' lang='lat' dir='ltr'>dono</span> <span class='ocrx_word' id='word_1_210' title='bbox 1505 1911 1667 1984; x_wconf 86' lang='lat' dir='ltr'>celebret.</span> <span class='ocrx_word' id='word_1_211' title='bbox 1703 1908 1914 1984; x_wconf 86' lang='lat' dir='ltr'>Etsiautem</span> <span class='ocrx_word' id='word_1_212' title='bbox 1931 1910 2043 1985; x_wconf 85' lang='lat' dir='ltr'>inhia</span> <span class='ocrx_word' id='word_1_213' title='bbox 2058 1915 2257 2008; x_wconf 86' lang='lat' dir='ltr'>publicispe·</span> 
     </span>
     <span class='ocr_line' id='line_1_17' title="bbox 256 2009 2258 2108; baseline -0.001 -19"><span class='ocrx_word' id='word_1_214' title='bbox 256 2015 516 2090; x_wconf 83' lang='lat' dir='ltr'>cissimeorum</span> <span class='ocrx_word' id='word_1_215' title='bbox 532 2009 903 2088; x_wconf 84' lang='lat' dir='ltr'>Deusmisernhitur.</span> <span class='ocrx_word' id='word_1_216' title='bbox 954 2011 1051 2082; x_wconf 87' lang='lat' dir='ltr'>Bene</span> <span class='ocrx_word' id='word_1_217' title='bbox 1066 2015 1161 2098; x_wconf 90' lang='lat' dir='ltr'>vale,</span> <span class='ocrx_word' id='word_1_218' title='bbox 1189 2013 1245 2104; x_wconf 91' lang='lat' dir='ltr'>pie</span> <span class='ocrx_word' id='word_1_219' title='bbox 1300 2012 1438 2093; x_wconf 91' lang='lat' dir='ltr'>riculis,</span> <span class='ocrx_word' id='word_1_220' title='bbox 1464 2026 1610 2082; x_wconf 89' lang='lat' dir='ltr'>etmetn</span> <span class='ocrx_word' id='word_1_221' title='bbox 1627 2013 1885 2098; x_wconf 81' lang='lat' dir='ltr'>vastationum,</span> <span class='ocrx_word' id='word_1_222' title='bbox 1911 2039 1999 2108; x_wconf 83' lang='lat' dir='ltr'>quas</span> <span class='ocrx_word' id='word_1_223' title='bbox 2016 2015 2163 2088; x_wconf 89' lang='lat' dir='ltr'>Turcica</span> <span class='ocrx_word' id='word_1_224' title='bbox 2184 2039 2258 2086; x_wconf 81' lang='lat' dir='ltr'>arna</span> 
     </span>
     <span class='ocr_line' id='line_1_18' title="bbox 255 2113 2259 2208; baseline -0.002 -18"><span class='ocrx_word' id='word_1_225' title='bbox 255 2123 378 2192; x_wconf 88' lang='lat' dir='ltr'>lector.</span> <span class='ocrx_word' id='word_1_226' title='bbox 428 2118 497 2190; x_wconf 90' lang='lat' dir='ltr'>Die</span> <span class='ocrx_word' id='word_1_227' title='bbox 517 2115 633 2188; x_wconf 88' lang='lat' dir='ltr'>lacobi</span> <span class='ocrx_word' id='word_1_228' title='bbox 655 2115 827 2208; x_wconf 88' lang='lat' dir='ltr'>apostoli,</span> <span class='ocrx_word' id='word_1_229' title='bbox 850 2113 1100 2188; x_wconf 90' lang='lat' dir='ltr'>liliiSalomes.</span> <span class='ocrx_word' id='word_1_230' title='bbox 1154 2115 1245 2183; x_wconf 91' lang='lat' dir='ltr'>Wi·</span> <span class='ocrx_word' id='word_1_231' title='bbox 1300 2113 1532 2198; x_wconf 88' lang='lat' dir='ltr'>minitantur,</span> <span class='ocrx_word' id='word_1_232' title='bbox 1564 2116 1758 2184; x_wconf 87' lang='lat' dir='ltr'>multnrum</span> <span class='ocrx_word' id='word_1_233' title='bbox 1784 2118 1950 2186; x_wconf 88' lang='lat' dir='ltr'>voluntas</span> <span class='ocrx_word' id='word_1_234' title='bbox 1974 2143 2058 2207; x_wconf 82' lang='lat' dir='ltr'>erga</span> <span class='ocrx_word' id='word_1_235' title='bbox 2091 2119 2201 2188; x_wconf 80' lang='lat' dir='ltr'>literas</span> <span class='ocrx_word' id='word_1_236' title='bbox 2227 2117 2259 2186; x_wconf 84' lang='lat' dir='ltr'>sit</span> 
     </span>
     <span class='ocr_line' id='line_1_19' title="bbox 256 2205 2259 2313; baseline -0.002 -21"><span class='ocrx_word' id='word_1_237' title='bbox 256 2223 435 2310; x_wconf 83' lang='lat' dir='ltr'>tebergae,</span> <span class='ocrx_word' id='word_1_238' title='bbox 464 2213 614 2313; x_wconf 80' lang='lat'><strong>1652.⁸)</strong></span> <span class='ocrx_word' id='word_1_239' title='bbox 1300 2205 1517 2304; x_wconf 76' lang='lat' dir='ltr'>languidior:</span> <span class='ocrx_word' id='word_1_240' title='bbox 1541 2229 1659 2286; x_wconf 73' lang='lat' dir='ltr'>tannen</span> <span class='ocrx_word' id='word_1_241' title='bbox 1675 2217 1842 2301; x_wconf 86' lang='lat' dir='ltr'>sciamus,</span> <span class='ocrx_word' id='word_1_242' title='bbox 1865 2222 2259 2312; x_wconf 84' lang='lat' dir='ltr'>vocedivinautrunqoe</span> 
     </span>
     <span class='ocr_line' id='line_1_20' title="bbox 1302 2313 2260 2406; baseline 0.003 -24"><span class='ocrx_word' id='word_1_243' title='bbox 1302 2319 1518 2406; x_wconf 88' lang='lat' dir='ltr'>praedictum</span> <span class='ocrx_word' id='word_1_244' title='bbox 1536 2341 1627 2400; x_wconf 86' lang='lat' dir='ltr'>esse,</span> <span class='ocrx_word' id='word_1_245' title='bbox 1650 2318 1687 2388; x_wconf 92' lang='lat' dir='ltr'>in</span> <span class='ocrx_word' id='word_1_246' title='bbox 1702 2313 1769 2386; x_wconf 89' lang='lat' dir='ltr'>hac</span> <span class='ocrx_word' id='word_1_247' title='bbox 1786 2334 1925 2390; x_wconf 89' lang='lat' dir='ltr'>senecta</span> <span class='ocrx_word' id='word_1_248' title='bbox 1945 2323 2072 2390; x_wconf 89' lang='lat' dir='ltr'>mundi</span> <span class='ocrx_word' id='word_1_249' title='bbox 2099 2335 2131 2390; x_wconf 90' lang='lat' dir='ltr'>et</span> <span class='ocrx_word' id='word_1_250' title='bbox 2151 2323 2260 2392; x_wconf 80' lang='lat' dir='ltr'>lutttru</span> 
     </span>
     <span class='ocr_line' id='line_1_21' title="bbox 1300 2414 2259 2515; baseline 0.004 -31"><span class='ocrx_word' id='word_1_251' title='bbox 1300 2439 1373 2488; x_wconf 86' lang='lat' dir='ltr'>esse</span> <span class='ocrx_word' id='word_1_252' title='bbox 1392 2419 1542 2490; x_wconf 89' lang='lat' dir='ltr'>maiores</span> <span class='ocrx_word' id='word_1_253' title='bbox 1572 2419 1711 2510; x_wconf 84' lang='lat' dir='ltr'>generis</span> <span class='ocrx_word' id='word_1_254' title='bbox 1735 2414 1884 2490; x_wconf 88' lang='lat' dir='ltr'>humaui</span> <span class='ocrx_word' id='word_1_255' title='bbox 1907 2425 2151 2506; x_wconf 83' lang='lat' dir='ltr'>confusiones,</span> <span class='ocrx_word' id='word_1_256' title='bbox 2177 2445 2259 2515; x_wconf 84' lang='lat' dir='ltr'>quan</span> 
     </span>
     <span class='ocr_line' id='line_1_22' title="bbox 1300 2521 2260 2608; baseline 0 -18"><span class='ocrx_word' id='word_1_257' title='bbox 1300 2521 1447 2590; x_wconf 89' lang='lat' dir='ltr'>suerunt</span> <span class='ocrx_word' id='word_1_258' title='bbox 1468 2534 1589 2608; x_wconf 90' lang='lat' dir='ltr'>antea;</span> <span class='ocrx_word' id='word_1_259' title='bbox 1623 2535 1801 2592; x_wconf 89' lang='lat' dir='ltr'>ettamen</span> <span class='ocrx_word' id='word_1_260' title='bbox 1829 2523 1942 2592; x_wconf 89' lang='lat' dir='ltr'>lilium</span> <span class='ocrx_word' id='word_1_261' title='bbox 1965 2521 2033 2594; x_wconf 90' lang='lat' dir='ltr'>Dei</span> <span class='ocrx_word' id='word_1_262' title='bbox 2062 2525 2260 2596; x_wconf 89' lang='lat' dir='ltr'>collectumn</span> 
     </span>
     <span class='ocr_line' id='line_1_23' title="bbox 1300 2617 2262 2717; baseline -0.001 -27"><span class='ocrx_word' id='word_1_263' title='bbox 1300 2644 1374 2692; x_wconf 84' lang='lat' dir='ltr'>esse</span> <span class='ocrx_word' id='word_1_264' title='bbox 1395 2617 1589 2692; x_wconf 82' lang='lat' dir='ltr'>Ecclesiam</span> <span class='ocrx_word' id='word_1_265' title='bbox 1611 2635 1789 2694; x_wconf 82' lang='lat' dir='ltr'>aeternam</span> <span class='ocrx_word' id='word_1_266' title='bbox 1812 2625 1918 2694; x_wconf 90' lang='lat' dir='ltr'>etiam</span> <span class='ocrx_word' id='word_1_267' title='bbox 1944 2623 2037 2696; x_wconf 93' lang='lat' dir='ltr'>inter</span> <span class='ocrx_word' id='word_1_268' title='bbox 2058 2623 2262 2717; x_wconf 82' lang='lat' dir='ltr'>lmperiontn</span> 
     </span>
     <span class='ocr_line' id='line_1_24' title="bbox 1300 2719 2262 2815; baseline -0.001 -23"><span class='ocrx_word' id='word_1_269' title='bbox 1300 2722 1441 2805; x_wconf 88' lang='lat' dir='ltr'>ruinas,</span> <span class='ocrx_word' id='word_1_270' title='bbox 1466 2737 1501 2793; x_wconf 89' lang='lat' dir='ltr'>et</span> <span class='ocrx_word' id='word_1_271' title='bbox 1514 2719 1665 2815; x_wconf 90' lang='lat' dir='ltr'>hospitia</span> <span class='ocrx_word' id='word_1_272' title='bbox 1681 2725 1714 2793; x_wconf 90' lang='lat' dir='ltr'>ei</span> <span class='ocrx_word' id='word_1_273' title='bbox 1728 2737 1962 2798; x_wconf 88' lang='lat' dir='ltr'>servaturum.</span> <span class='ocrx_word' id='word_1_274' title='bbox 2013 2727 2094 2798; x_wconf 87' lang='lat' dir='ltr'>llac</span> <span class='ocrx_word' id='word_1_275' title='bbox 2108 2751 2184 2796; x_wconf 88' lang='lat' dir='ltr'>vera</span> <span class='ocrx_word' id='word_1_276' title='bbox 2198 2749 2262 2794; x_wconf 89' lang='lat' dir='ltr'>con·</span> 
     </span>
     <span class='ocr_line' id='line_1_25' title="bbox 1300 2822 2320 2918; baseline -0.001 -22"><span class='ocrx_word' id='word_1_277' title='bbox 1300 2824 1472 2896; x_wconf 89' lang='lat' dir='ltr'>solatione</span> <span class='ocrx_word' id='word_1_278' title='bbox 1487 2849 1523 2896; x_wconf 88' lang='lat' dir='ltr'>se</span> <span class='ocrx_word' id='word_1_279' title='bbox 1537 2851 1686 2918; x_wconf 65' lang='lat' dir='ltr'>quoque,</span> <span class='ocrx_word' id='word_1_280' title='bbox 1698 2827 1882 2898; x_wconf 85' lang='lat' dir='ltr'>confirmet</span> <span class='ocrx_word' id='word_1_281' title='bbox 1896 2822 2143 2898; x_wconf 85' lang='lat' dir='ltr'>honestissima</span> <span class='ocrx_word' id='word_1_282' title='bbox 2157 2827 2262 2900; x_wconf 80' lang='lat' dir='ltr'>Civitas</span> <span class='ocrx_word' id='word_1_283' title='bbox 2319 2859 2320 2866; x_wconf 39' lang='grc' dir='ltr'>ι</span> 
     </span>
     <span class='ocr_line' id='line_1_26' title="bbox 1300 2925 2263 3022; baseline 0.003 -30"><span class='ocrx_word' id='word_1_284' title='bbox 1300 2925 1530 3008; x_wconf 82' lang='lat' dir='ltr'>Vratislavia,</span> <span class='ocrx_word' id='word_1_285' title='bbox 1557 2941 1591 2998; x_wconf 90' lang='lat' dir='ltr'>et</span> <span class='ocrx_word' id='word_1_286' title='bbox 1603 2941 1697 3018; x_wconf 88' lang='lat' dir='ltr'>petat</span> <span class='ocrx_word' id='word_1_287' title='bbox 1712 2949 1751 3000; x_wconf 87' lang='lat' dir='ltr'>ae</span> <span class='ocrx_word' id='word_1_288' title='bbox 1768 2941 1885 3019; x_wconf 89' lang='lat' dir='ltr'>speret</span> <span class='ocrx_word' id='word_1_289' title='bbox 1906 2929 2015 3000; x_wconf 79' lang='lat' dir='ltr'>afilio</span> <span class='ocrx_word' id='word_1_290' title='bbox 2030 2929 2097 3004; x_wconf 88' lang='lat' dir='ltr'>Dei</span> <span class='ocrx_word' id='word_1_291' title='bbox 2121 2943 2263 3022; x_wconf 85' lang='lat' dir='ltr'>protesta-</span> 
     </span>
     <span class='ocr_line' id='line_1_27' title="bbox 1301 3028 2321 3126; baseline 0.002 -30"><span class='ocrx_word' id='word_1_292' title='bbox 1301 3028 1433 3100; x_wconf 89' lang='lat' dir='ltr'>tionem</span> <span class='ocrx_word' id='word_1_293' title='bbox 1450 3031 1617 3100; x_wconf 82' lang='lat' dir='ltr'>adversus</span> <span class='ocrx_word' id='word_1_294' title='bbox 1633 3029 1832 3102; x_wconf 87' lang='lat' dir='ltr'>barbariem</span> <span class='ocrx_word' id='word_1_295' title='bbox 1851 3029 2062 3114; x_wconf 79' lang='lat' dir='ltr'>Tuscicam,</span> <span class='ocrx_word' id='word_1_296' title='bbox 2090 3057 2152 3102; x_wconf 91' lang='lat' dir='ltr'>nec</span> <span class='ocrx_word' id='word_1_297' title='bbox 2172 3035 2263 3101; x_wconf 80' lang='lat' dir='ltr'>detes·</span> <span class='ocrx_word' id='word_1_298' title='bbox 2320 3096 2321 3126; x_wconf 46' lang='lat'>,</span> 
     </span>
     <span class='ocr_line' id='line_1_28' title="bbox 1301 3127 2321 3224; baseline -0.002 -23"><span class='ocrx_word' id='word_1_299' title='bbox 1301 3143 1438 3216; x_wconf 88' lang='lat' dir='ltr'>reatur,</span> <span class='ocrx_word' id='word_1_300' title='bbox 1463 3155 1533 3224; x_wconf 94' lang='lat' dir='ltr'>quo</span> <span class='ocrx_word' id='word_1_301' title='bbox 1552 3131 1671 3202; x_wconf 87' lang='lat' dir='ltr'>minus</span> <span class='ocrx_word' id='word_1_302' title='bbox 1685 3127 1878 3202; x_wconf 87' lang='lat' dir='ltr'>Ecclesiam</span> <span class='ocrx_word' id='word_1_303' title='bbox 1900 3147 2021 3219; x_wconf 88' lang='lat' dir='ltr'>ornet,</span> <span class='ocrx_word' id='word_1_304' title='bbox 2048 3149 2085 3206; x_wconf 90' lang='lat' dir='ltr'>et</span> <span class='ocrx_word' id='word_1_305' title='bbox 2108 3133 2203 3204; x_wconf 88' lang='lat' dir='ltr'>honis</span> <span class='ocrx_word' id='word_1_306' title='bbox 2222 3133 2263 3200; x_wconf 91' lang='lat' dir='ltr'>ia·</span> <span class='ocrx_word' id='word_1_307' title='bbox 2320 3129 2321 3132; x_wconf 63' lang='grc'>’</span> 
     </span>
     <span class='ocr_line' id='line_1_29' title="bbox 1301 3231 2263 3325; baseline -0.008 -19"><span class='ocrx_word' id='word_1_308' title='bbox 1301 3231 1413 3322; x_wconf 75' lang='lat' dir='ltr'>geniis</span> <span class='ocrx_word' id='word_1_309' title='bbox 1429 3257 1530 3323; x_wconf 90' lang='lat' dir='ltr'>opem</span> <span class='ocrx_word' id='word_1_310' title='bbox 1546 3231 1652 3316; x_wconf 92' lang='lat' dir='ltr'>serat,</span> <span class='ocrx_word' id='word_1_311' title='bbox 1668 3231 1757 3308; x_wconf 89' lang='lat' dir='ltr'>sicut</span> <span class='ocrx_word' id='word_1_312' title='bbox 1773 3233 1834 3304; x_wconf 90' lang='lat' dir='ltr'>diu</span> <span class='ocrx_word' id='word_1_313' title='bbox 1851 3233 1920 3302; x_wconf 88' lang='lat' dir='ltr'>iam</span> <span class='ocrx_word' id='word_1_314' title='bbox 1936 3235 2030 3306; x_wconf 86' lang='lat' dir='ltr'>lacit.</span> <span class='ocrx_word' id='word_1_315' title='bbox 2082 3233 2201 3325; x_wconf 73' lang='lat' dir='ltr'>Magna</span> <span class='ocrx_word' id='word_1_316' title='bbox 2214 3231 2263 3302; x_wconf 85' lang='lat' dir='ltr'>luit</span> 
     </span>
     <span class='ocr_line' id='line_1_30' title="bbox 1303 3333 2265 3429; baseline -0.003 -27"><span class='ocrx_word' id='word_1_317' title='bbox 1303 3335 1377 3404; x_wconf 92' lang='lat' dir='ltr'>laus</span> <span class='ocrx_word' id='word_1_318' title='bbox 1392 3335 1519 3404; x_wconf 86' lang='lat' dir='ltr'>veteris</span> <span class='ocrx_word' id='word_1_319' title='bbox 1533 3333 1730 3418; x_wconf 89' lang='lat' dir='ltr'>Massiliae,</span> <span class='ocrx_word' id='word_1_320' title='bbox 1756 3337 1850 3429; x_wconf 91' lang='lat' dir='ltr'>qnod</span> <span class='ocrx_word' id='word_1_321' title='bbox 1868 3359 1984 3404; x_wconf 88' lang='lat' dir='ltr'>mores</span> <span class='ocrx_word' id='word_1_322' title='bbox 1997 3337 2130 3408; x_wconf 91' lang='lat' dir='ltr'>civium</span> <span class='ocrx_word' id='word_1_323' title='bbox 2145 3333 2265 3408; x_wconf 81' lang='lat' dir='ltr'>honeste</span> 
     </span>
     <span class='ocr_line' id='line_1_31' title="bbox 1302 3433 2263 3520; baseline -0.002 -18"><span class='ocrx_word' id='word_1_324' title='bbox 1302 3433 1409 3518; x_wconf 81' lang='lat' dir='ltr'>rexit,</span> <span class='ocrx_word' id='word_1_325' title='bbox 1441 3449 1474 3506; x_wconf 91' lang='lat' dir='ltr'>et</span> <span class='ocrx_word' id='word_1_326' title='bbox 1495 3435 1585 3506; x_wconf 82' lang='lat' dir='ltr'>fovit</span> <span class='ocrx_word' id='word_1_327' title='bbox 1607 3449 1709 3506; x_wconf 88' lang='lat' dir='ltr'>artes.</span> <span class='ocrx_word' id='word_1_328' title='bbox 1768 3435 1864 3506; x_wconf 90' lang='lat' dir='ltr'>llaec</span> <span class='ocrx_word' id='word_1_329' title='bbox 1884 3437 2000 3520; x_wconf 89' lang='lat' dir='ltr'>ollicia</span> <span class='ocrx_word' id='word_1_330' title='bbox 2026 3451 2112 3507; x_wconf 88' lang='lat' dir='ltr'>suut</span> <span class='ocrx_word' id='word_1_331' title='bbox 2138 3435 2263 3508; x_wconf 83' lang='lat' dir='ltr'>civitatis</span> 
     </span>
     <span class='ocr_line' id='line_1_32' title="bbox 1273 3533 2264 3622; baseline -0.003 -18"><span class='ocrx_word' id='word_1_332' title='bbox 1273 3581 1276 3604; x_wconf 85' lang='lat'><em>.</em></span> <span class='ocrx_word' id='word_1_333' title='bbox 1302 3537 1511 3606; x_wconf 88' lang='lat' dir='ltr'>necessaria:</span> <span class='ocrx_word' id='word_1_334' title='bbox 1547 3535 1616 3607; x_wconf 91' lang='lat' dir='ltr'>Sed</span> <span class='ocrx_word' id='word_1_335' title='bbox 1643 3539 1806 3606; x_wconf 89' lang='lat' dir='ltr'>accedere</span> <span class='ocrx_word' id='word_1_336' title='bbox 1830 3533 1898 3608; x_wconf 93' lang='lat' dir='ltr'>hoc</span> <span class='ocrx_word' id='word_1_337' title='bbox 1920 3541 2043 3622; x_wconf 89' lang='lat' dir='ltr'>debet,</span> <span class='ocrx_word' id='word_1_338' title='bbox 2072 3555 2111 3610; x_wconf 93' lang='lat' dir='ltr'>ut</span> <span class='ocrx_word' id='word_1_339' title='bbox 2133 3539 2176 3610; x_wconf 88' lang='lat' dir='ltr'>sit</span> <span class='ocrx_word' id='word_1_340' title='bbox 2193 3536 2264 3610; x_wconf 83' lang='lat' dir='ltr'>Uda</span> 
     </span>
     <span class='ocr_line' id='line_1_33' title="bbox 1302 3633 2263 3728; baseline 0.002 -22"><span class='ocrx_word' id='word_1_341' title='bbox 1302 3633 1495 3728; x_wconf 89' lang='lat' dir='ltr'>hospitium</span> <span class='ocrx_word' id='word_1_342' title='bbox 1522 3635 1697 3708; x_wconf 87' lang='lat' dir='ltr'>Ecclesiae</span> <span class='ocrx_word' id='word_1_343' title='bbox 1721 3635 1800 3709; x_wconf 82' lang='lat' dir='ltr'>Dei.</span> <span class='ocrx_word' id='word_1_344' title='bbox 1860 3637 1980 3728; x_wconf 87' lang='lat' dir='ltr'>Quare</span> <span class='ocrx_word' id='word_1_345' title='bbox 2006 3637 2213 3712; x_wconf 80' lang='lat' dir='ltr'>i&#39;ratislavia</span> <span class='ocrx_word' id='word_1_346' title='bbox 2241 3649 2263 3702; x_wconf 83' lang='lat' dir='ltr'>et</span> 
     </span>
     <span class='ocr_line' id='line_1_34' title="bbox 1272 3733 2265 3832; baseline -0.005 -20"><span class='ocrx_word' id='word_1_347' title='bbox 1272 3771 1275 3826; x_wconf 73' lang='grc' dir='ltr'>ι</span> <span class='ocrx_word' id='word_1_348' title='bbox 1301 3739 1523 3832; x_wconf 89' lang='lat' dir='ltr'>disciplinam</span> <span class='ocrx_word' id='word_1_349' title='bbox 1548 3737 1680 3808; x_wconf 88' lang='lat' dir='ltr'>civium</span> <span class='ocrx_word' id='word_1_350' title='bbox 1703 3733 1852 3810; x_wconf 87' lang='lat' dir='ltr'>honeste</span> <span class='ocrx_word' id='word_1_351' title='bbox 1872 3741 1963 3832; x_wconf 74' lang='lat' dir='ltr'>regit</span> <span class='ocrx_word' id='word_1_352' title='bbox 1985 3755 2020 3812; x_wconf 90' lang='lat' dir='ltr'>ct</span> <span class='ocrx_word' id='word_1_353' title='bbox 2041 3755 2164 3814; x_wconf 87' lang='lat' dir='ltr'>tuetur</span> <span class='ocrx_word' id='word_1_354' title='bbox 2180 3753 2265 3818; x_wconf 86' lang='lat' dir='ltr'>artes,</span> 
     </span>
    </p>
   </div>
   <div class='ocr_carea' id='block_1_3' title="bbox 797 2313 1196 2411">
    <p class='ocr_par' dir='ltr' id='par_1_3' title="bbox 797 2313 1196 2411">
     <span class='ocr_line' id='line_1_35' title="bbox 797 2313 1196 2411; baseline 0.01 -23"><span class='ocrx_word' id='word_1_355' title='bbox 797 2313 954 2411; x_wconf 89' lang='lat' dir='ltr'>Philipp.</span> <span class='ocrx_word' id='word_1_356' title='bbox 969 2313 1196 2392; x_wconf 85' lang='lat' dir='ltr'>Melanthea.</span> 
     </span>
    </p>
   </div>
   <div class='ocr_carea' id='block_1_4' title="bbox 263 2557 1233 2576">
    <p class='ocr_par' dir='ltr' id='par_1_4' title="bbox 263 2557 1233 2576">
     <span class='ocr_line' id='line_1_36' title="bbox 263 2557 1233 2576; baseline -0.006 -2"><span class='ocrx_word' id='word_1_357' title='bbox 263 2565 366 2576; x_wconf 65' lang='grc' dir='ltr'>..ιη-ιι.</span> <span class='ocrx_word' id='word_1_358' title='bbox 383 2561 520 2574; x_wconf 58' lang='grc' dir='ltr'>,ιι-...ωο-</span> <span class='ocrx_word' id='word_1_359' title='bbox 526 2557 813 2572; x_wconf 58' lang='lat' dir='ltr'>*n-——n--ut-—n</span> <span class='ocrx_word' id='word_1_360' title='bbox 1174 2557 1233 2568; x_wconf 68' lang='lat' dir='ltr'>nu·-</span> 
     </span>
    </p>
   </div>
   <div class='ocr_carea' id='block_1_5' title="bbox 270 2715 469 2794">
    <p class='ocr_par' dir='ltr' id='par_1_5' title="bbox 270 2715 469 2794">
     <span class='ocr_line' id='line_1_37' title="bbox 270 2715 469 2794; baseline 0.01 -2"><span class='ocrx_word' id='word_1_361' title='bbox 270 2720 339 2794; x_wconf 83' lang='lat' dir='ltr'>No.</span> <span class='ocrx_word' id='word_1_362' title='bbox 358 2715 469 2794; x_wconf 78' lang='grc'><strong>6165.</strong></span> 
     </span>
    </p>
   </div>
   <div class='ocr_carea' id='block_1_6' title="bbox 260 2819 473 2854">
    <p class='ocr_par' dir='ltr' id='par_1_6' title="bbox 260 2819 473 2854">
     <span class='ocr_line' id='line_1_38' title="bbox 260 2819 473 2854; baseline -0.005 -4"><span class='ocrx_word' id='word_1_363' title='bbox 260 2819 473 2854; x_wconf 55' lang='grc' dir='ltr'><strong>Μ</strong></span> 
     </span>
    </p>
   </div>
   <div class='ocr_carea' id='block_1_7' title="bbox 310 2914 1096 3020">
    <p class='ocr_par' dir='ltr' id='par_1_7' title="bbox 310 2914 1096 3020">
     <span class='ocr_line' id='line_1_39' title="bbox 310 2914 1096 3020; baseline -0.003 -16"><span class='ocrx_word' id='word_1_364' title='bbox 310 2997 313 3004; x_wconf 78' lang='grc'>,</span> <span class='ocrx_word' id='word_1_365' title='bbox 412 2920 681 3020; x_wconf 82' lang='lat' dir='ltr'>(Testimon.</span> <span class='ocrx_word' id='word_1_366' title='bbox 710 2916 768 3004; x_wconf 85' lang='lat' dir='ltr'>de</span> <span class='ocrx_word' id='word_1_367' title='bbox 801 2915 856 3002; x_wconf 85' lang='lat' dir='ltr'>Z.</span> <span class='ocrx_word' id='word_1_368' title='bbox 893 2914 1096 3020; x_wconf 77' lang='lat' dir='ltr'>Ursino.)</span> 
     </span>
    </p>
   </div>
   <div class='ocr_carea' id='block_1_8' title="bbox 326 3069 1248 3280">
    <p class='ocr_par' dir='ltr' id='par_1_8' title="bbox 326 3069 1248 3280">
     <span class='ocr_line' id='line_1_40' title="bbox 326 3069 1248 3144; baseline -0.004 -14"><span class='ocrx_word' id='word_1_369' title='bbox 326 3074 437 3131; x_wconf 79' lang='lat' dir='ltr'>Editou</span> <span class='ocrx_word' id='word_1_370' title='bbox 457 3075 486 3131; x_wconf 85' lang='lat' dir='ltr'>tn</span> <span class='ocrx_word' id='word_1_371' title='bbox 504 3073 584 3142; x_wconf 65' lang='lat' dir='ltr'>sot.</span> <span class='ocrx_word' id='word_1_372' title='bbox 601 3075 677 3141; x_wconf 72' lang='lat' dir='ltr'>set.</span> <span class='ocrx_word' id='word_1_373' title='bbox 700 3073 907 3144; x_wconf 69' lang='lat' dir='ltr'>ptttbeses&#39;t</span> <span class='ocrx_word' id='word_1_374' title='bbox 927 3069 1088 3138; x_wconf 74' lang='lat' dir='ltr'>statutae</span> <span class='ocrx_word' id='word_1_375' title='bbox 1102 3071 1248 3135; x_wconf 64' lang='lat' dir='ltr'>Sttttcttret</span> 
     </span>
     <span class='ocr_line' id='line_1_41' title="bbox 358 3141 1248 3222; baseline -0.004 -20"><span class='ocrx_word' id='word_1_376' title='bbox 358 3147 474 3213; x_wconf 80' lang='grc' dir='ltr'>(ιιιιιιιι</span> <span class='ocrx_word' id='word_1_377' title='bbox 494 3143 572 3202; x_wconf 80' lang='lat' dir='ltr'>rtet.</span> <span class='ocrx_word' id='word_1_378' title='bbox 591 3143 628 3204; x_wconf 80' lang='lat' dir='ltr'>ta</span> <span class='ocrx_word' id='word_1_379' title='bbox 646 3143 688 3202; x_wconf 68' lang='grc' dir='ltr'>θ.</span> <span class='ocrx_word' id='word_1_380' title='bbox 700 3142 860 3198; x_wconf 79' lang='lat' dir='ltr'>set-tes.</span> <span class='ocrx_word' id='word_1_381' title='bbox 877 3141 942 3207; x_wconf 83' lang='lat' dir='ltr'>abne</span> <span class='ocrx_word' id='word_1_382' title='bbox 959 3141 1065 3222; x_wconf 63' lang='lat' dir='ltr'>tapete</span> <span class='ocrx_word' id='word_1_383' title='bbox 1082 3145 1125 3198; x_wconf 76' lang='lat' dir='ltr'>bet</span> <span class='ocrx_word' id='word_1_384' title='bbox 1141 3141 1248 3198; x_wconf 70' lang='lat' dir='ltr'>uatus</span> 
     </span>
     <span class='ocr_line' id='line_1_42' title="bbox 372 3209 1247 3280; baseline -0.005 -12"><span class='ocrx_word' id='word_1_385' title='bbox 372 3215 522 3280; x_wconf 82' lang='lat' dir='ltr'>Descripsit</span> <span class='ocrx_word' id='word_1_386' title='bbox 535 3211 577 3267; x_wconf 86' lang='lat' dir='ltr'>Cl·</span> <span class='ocrx_word' id='word_1_387' title='bbox 592 3212 761 3276; x_wconf 79' lang='lat' dir='ltr'>Foerstem.)</span> <span class='ocrx_word' id='word_1_388' title='bbox 796 3211 841 3266; x_wconf 85' lang='lat' dir='ltr'>De</span> <span class='ocrx_word' id='word_1_389' title='bbox 859 3211 963 3264; x_wconf 86' lang='lat' dir='ltr'>Ursino</span> <span class='ocrx_word' id='word_1_390' title='bbox 983 3211 1038 3266; x_wconf 78' lang='lat' dir='ltr'>vad.</span> <span class='ocrx_word' id='word_1_391' title='bbox 1056 3209 1174 3264; x_wconf 81' lang='lat' dir='ltr'>alterum</span> <span class='ocrx_word' id='word_1_392' title='bbox 1189 3219 1247 3264; x_wconf 82' lang='lat' dir='ltr'>test.</span> 
     </span>
    </p>
   </div>
   <div class='ocr_carea' id='block_1_9' title="bbox 260 3279 656 3340">
    <p class='ocr_par' dir='ltr' id='par_1_9' title="bbox 260 3279 656 3340">
     <span class='ocr_line' id='line_1_43' title="bbox 260 3279 656 3340; baseline 0 -1"><span class='ocrx_word' id='word_1_393' title='bbox 260 3282 265 3295; x_wconf 93' lang='grc'><strong>“</strong></span> <span class='ocrx_word' id='word_1_394' title='bbox 377 3293 411 3340; x_wconf 83' lang='lat' dir='ltr'>at.</span> <span class='ocrx_word' id='word_1_395' title='bbox 426 3281 484 3338; x_wconf 83' lang='lat' dir='ltr'>Cal.</span> <span class='ocrx_word' id='word_1_396' title='bbox 497 3281 563 3339; x_wconf 86' lang='lat' dir='ltr'>Oct.</span> <span class='ocrx_word' id='word_1_397' title='bbox 581 3279 656 3339; x_wconf 79' lang='lat'><strong>¹557.</strong></span> 
     </span>
    </p>
   </div>
   <div class='ocr_carea' id='block_1_10' title="bbox 367 3431 1147 3512">
    <p class='ocr_par' dir='ltr' id='par_1_10' title="bbox 367 3431 1147 3512">
     <span class='ocr_line' id='line_1_44' title="bbox 367 3431 1147 3512; baseline -0.001 -1"><span class='ocrx_word' id='word_1_398' title='bbox 367 3437 410 3512; x_wconf 86' lang='lat' dir='ltr'>S.</span> <span class='ocrx_word' id='word_1_399' title='bbox 434 3435 487 3510; x_wconf 84' lang='lat' dir='ltr'>D.</span> <span class='ocrx_word' id='word_1_400' title='bbox 537 3437 708 3512; x_wconf 83' lang='lat' dir='ltr'>omnibus</span> <span class='ocrx_word' id='word_1_401' title='bbox 734 3434 881 3510; x_wconf 81' lang='lat' dir='ltr'>lectoris</span> <span class='ocrx_word' id='word_1_402' title='bbox 905 3431 979 3508; x_wconf 82' lang='lat' dir='ltr'>has</span> <span class='ocrx_word' id='word_1_403' title='bbox 1006 3433 1147 3510; x_wconf 82' lang='lat' dir='ltr'>literas.</span> 
     </span>
    </p>
   </div>
   <div class='ocr_carea' id='block_1_11' title="bbox 256 3559 1246 3862">
    <p class='ocr_par' dir='ltr' id='par_1_11' title="bbox 256 3559 1246 3862">
     <span class='ocr_line' id='line_1_45' title="bbox 256 3559 1246 3665; baseline -0.012 -17"><span class='ocrx_word' id='word_1_404' title='bbox 256 3559 340 3648; x_wconf 77' lang='lat' dir='ltr'>Sua</span> <span class='ocrx_word' id='word_1_405' title='bbox 355 3571 482 3665; x_wconf 91' lang='lat' dir='ltr'>cuique</span> <span class='ocrx_word' id='word_1_406' title='bbox 497 3571 610 3642; x_wconf 83' lang='lat' dir='ltr'>virtus</span> <span class='ocrx_word' id='word_1_407' title='bbox 624 3571 811 3663; x_wconf 87' lang='lat' dir='ltr'>praecipua</span> <span class='ocrx_word' id='word_1_408' title='bbox 833 3583 866 3640; x_wconf 92' lang='lat' dir='ltr'>et</span> <span class='ocrx_word' id='word_1_409' title='bbox 886 3592 968 3640; x_wconf 83' lang='lat' dir='ltr'>vera</span> <span class='ocrx_word' id='word_1_410' title='bbox 985 3567 1246 3640; x_wconf 90' lang='lat' dir='ltr'>commendatio</span> 
     </span>
     <span class='ocr_line' id='line_1_46' title="bbox 257 3670 1245 3762; baseline -0.007 -17"><span class='ocrx_word' id='word_1_411' title='bbox 257 3689 319 3746; x_wconf 83' lang='lat' dir='ltr'>est.</span> <span class='ocrx_word' id='word_1_412' title='bbox 370 3671 461 3744; x_wconf 91' lang='lat' dir='ltr'>Cum</span> <span class='ocrx_word' id='word_1_413' title='bbox 484 3672 593 3762; x_wconf 79' lang='lat' dir='ltr'>igitur</span> <span class='ocrx_word' id='word_1_414' title='bbox 614 3685 731 3744; x_wconf 84' lang='lat' dir='ltr'>extent</span> <span class='ocrx_word' id='word_1_415' title='bbox 752 3671 862 3742; x_wconf 89' lang='lat' dir='ltr'>latina</span> <span class='ocrx_word' id='word_1_416' title='bbox 885 3685 920 3742; x_wconf 90' lang='lat' dir='ltr'>et</span> <span class='ocrx_word' id='word_1_417' title='bbox 942 3693 1062 3761; x_wconf 78' lang='lat' dir='ltr'>graeca</span> <span class='ocrx_word' id='word_1_418' title='bbox 1089 3670 1245 3740; x_wconf 89' lang='lat' dir='ltr'>carmina</span> 
     </span>
     <span class='ocr_line' id='line_1_47' title="bbox 258 3769 1246 3862; baseline -0.004 -17"><span class='ocrx_word' id='word_1_419' title='bbox 258 3769 617 3846; x_wconf 78' lang='lat' dir='ltr'>Zacharianrsini</span> <span class='ocrx_word' id='word_1_420' title='bbox 623 3773 935 3845; x_wconf 86' lang='lat' dir='ltr'>Wratislaviensis</span> <span class='ocrx_word' id='word_1_421' title='bbox 950 3773 1088 3844; x_wconf 91' lang='lat' dir='ltr'>erudite</span> <span class='ocrx_word' id='word_1_422' title='bbox 1101 3774 1246 3862; x_wconf 84' lang='lat' dir='ltr'>scripta:</span> 
     </span>
    </p>
   </div>
   <div class='ocr_carea' id='block_1_12' title="bbox 256 3873 1246 4678">
    <p class='ocr_par' dir='ltr' id='par_1_12' title="bbox 256 3873 1246 4678">
     <span class='ocr_line' id='line_1_48' title="bbox 256 3873 1246 3970; baseline -0.005 -23"><span class='ocrx_word' id='word_1_423' title='bbox 256 3879 448 3970; x_wconf 88' lang='lat' dir='ltr'>prudentes</span> <span class='ocrx_word' id='word_1_424' title='bbox 473 3889 508 3946; x_wconf 85' lang='lat' dir='ltr'>et</span> <span class='ocrx_word' id='word_1_425' title='bbox 530 3875 626 3945; x_wconf 90' lang='lat' dir='ltr'>docti</span> <span class='ocrx_word' id='word_1_426' title='bbox 649 3875 737 3960; x_wconf 91' lang='lat' dir='ltr'>viri,</span> <span class='ocrx_word' id='word_1_427' title='bbox 767 3875 864 3944; x_wconf 84' lang='lat' dir='ltr'>lectis</span> <span class='ocrx_word' id='word_1_428' title='bbox 896 3875 986 3960; x_wconf 91' lang='lat' dir='ltr'>illis,</span> <span class='ocrx_word' id='word_1_429' title='bbox 1017 3899 1081 3944; x_wconf 85' lang='lat' dir='ltr'>suo</span> <span class='ocrx_word' id='word_1_430' title='bbox 1113 3873 1246 3944; x_wconf 92' lang='lat' dir='ltr'>iudicio</span> 
     </span>
     <span class='ocr_line' id='line_1_49' title="bbox 257 3976 1245 4072; baseline -0.002 -23"><span class='ocrx_word' id='word_1_431' title='bbox 257 3979 460 4072; x_wconf 89' lang='lat' dir='ltr'>probabunt</span> <span class='ocrx_word' id='word_1_432' title='bbox 486 3976 688 4067; x_wconf 83' lang='lat' dir='ltr'>ingenium,</span> <span class='ocrx_word' id='word_1_433' title='bbox 719 3977 835 4046; x_wconf 88' lang='lat' dir='ltr'>studia</span> <span class='ocrx_word' id='word_1_434' title='bbox 859 3989 893 4046; x_wconf 92' lang='lat' dir='ltr'>et</span> <span class='ocrx_word' id='word_1_435' title='bbox 916 3977 1133 4046; x_wconf 89' lang='lat' dir='ltr'>voluntatem</span> <span class='ocrx_word' id='word_1_436' title='bbox 1160 3976 1245 4047; x_wconf 83' lang='lat' dir='ltr'>eius.</span> 
     </span>
     <span class='ocr_line' id='line_1_50' title="bbox 257 4077 1243 4170; baseline -0.006 -19"><span class='ocrx_word' id='word_1_437' title='bbox 257 4079 349 4151; x_wconf 87' lang='lat' dir='ltr'>Nam</span> <span class='ocrx_word' id='word_1_438' title='bbox 367 4091 400 4150; x_wconf 87' lang='lat' dir='ltr'>et</span> <span class='ocrx_word' id='word_1_439' title='bbox 421 4101 530 4168; x_wconf 82' lang='lat' dir='ltr'>genus</span> <span class='ocrx_word' id='word_1_440' title='bbox 549 4101 715 4148; x_wconf 89' lang='lat' dir='ltr'>versuum</span> <span class='ocrx_word' id='word_1_441' title='bbox 739 4077 965 4170; x_wconf 88' lang='lat' dir='ltr'>splendidum</span> <span class='ocrx_word' id='word_1_442' title='bbox 989 4093 1059 4160; x_wconf 90' lang='lat' dir='ltr'>est,</span> <span class='ocrx_word' id='word_1_443' title='bbox 1083 4090 1118 4146; x_wconf 89' lang='lat' dir='ltr'>ct</span> <span class='ocrx_word' id='word_1_444' title='bbox 1133 4099 1189 4146; x_wconf 87' lang='lat' dir='ltr'>res</span> <span class='ocrx_word' id='word_1_445' title='bbox 1204 4099 1243 4145; x_wconf 83' lang='lat' dir='ltr'>er</span> 
     </span>
     <span class='ocr_line' id='line_1_51' title="bbox 256 4177 1244 4264; baseline -0.005 -16"><span class='ocrx_word' id='word_1_446' title='bbox 256 4181 418 4251; x_wconf 81' lang='lat' dir='ltr'>fontibus</span> <span class='ocrx_word' id='word_1_447' title='bbox 436 4181 677 4251; x_wconf 87' lang='lat' dir='ltr'>doctrinarum</span> <span class='ocrx_word' id='word_1_448' title='bbox 692 4191 826 4249; x_wconf 88' lang='lat' dir='ltr'>sumtae</span> <span class='ocrx_word' id='word_1_449' title='bbox 839 4189 942 4264; x_wconf 90' lang='lat' dir='ltr'>sunt;</span> <span class='ocrx_word' id='word_1_450' title='bbox 969 4191 1003 4248; x_wconf 88' lang='lat' dir='ltr'>et</span> <span class='ocrx_word' id='word_1_451' title='bbox 1025 4193 1152 4248; x_wconf 88' lang='lat' dir='ltr'>sonant</span> <span class='ocrx_word' id='word_1_452' title='bbox 1169 4177 1244 4247; x_wconf 80' lang='lat' dir='ltr'>eius</span> 
     </span>
     <span class='ocr_line' id='line_1_52' title="bbox 258 4279 1243 4352; baseline -0.002 -2"><span class='ocrx_word' id='word_1_453' title='bbox 258 4279 386 4350; x_wconf 87' lang='lat' dir='ltr'>Musae</span> <span class='ocrx_word' id='word_1_454' title='bbox 409 4302 528 4350; x_wconf 89' lang='lat' dir='ltr'>veram</span> <span class='ocrx_word' id='word_1_455' title='bbox 549 4284 592 4352; x_wconf 89' lang='lat' dir='ltr'>de</span> <span class='ocrx_word' id='word_1_456' title='bbox 615 4279 691 4352; x_wconf 92' lang='lat' dir='ltr'>Deo</span> <span class='ocrx_word' id='word_1_457' title='bbox 713 4281 910 4351; x_wconf 88' lang='lat' dir='ltr'>doctrinam</span> <span class='ocrx_word' id='word_1_458' title='bbox 934 4293 968 4351; x_wconf 87' lang='lat' dir='ltr'>et</span> <span class='ocrx_word' id='word_1_459' title='bbox 982 4281 1152 4350; x_wconf 86' lang='lat' dir='ltr'>virtutum</span> <span class='ocrx_word' id='word_1_460' title='bbox 1166 4280 1243 4348; x_wconf 89' lang='lat' dir='ltr'>lau-</span> 
     </span>
     <span class='ocr_line' id='line_1_53' title="bbox 257 4373 1243 4475; baseline -0.004 -23"><span class='ocrx_word' id='word_1_461' title='bbox 257 4385 333 4452; x_wconf 88' lang='lat' dir='ltr'>des.</span> <span class='ocrx_word' id='word_1_462' title='bbox 384 4377 534 4472; x_wconf 87' lang='lat' dir='ltr'>Propter</span> <span class='ocrx_word' id='word_1_463' title='bbox 550 4379 614 4450; x_wconf 90' lang='lat' dir='ltr'>has</span> <span class='ocrx_word' id='word_1_464' title='bbox 629 4383 777 4453; x_wconf 88' lang='lat' dir='ltr'>virtutes</span> <span class='ocrx_word' id='word_1_465' title='bbox 799 4395 833 4452; x_wconf 87' lang='lat' dir='ltr'>et</span> <span class='ocrx_word' id='word_1_466' title='bbox 849 4383 905 4451; x_wconf 84' lang='lat' dir='ltr'>vir</span> <span class='ocrx_word' id='word_1_467' title='bbox 919 4381 1133 4452; x_wconf 89' lang='lat' dir='ltr'>clarissimus</span> <span class='ocrx_word' id='word_1_468' title='bbox 1148 4373 1243 4475; x_wconf 83' lang='lat' dir='ltr'>Qni-</span> 
     </span>
     <span class='ocr_line' id='line_1_54' title="bbox 261 4475 1243 4555; baseline -0.002 -2"><span class='ocrx_word' id='word_1_469' title='bbox 261 4481 367 4555; x_wconf 83' lang='lat' dir='ltr'>rinus</span> <span class='ocrx_word' id='word_1_470' title='bbox 381 4475 523 4552; x_wconf 83' lang='lat' dir='ltr'>Slolter</span> <span class='ocrx_word' id='word_1_471' title='bbox 541 4483 657 4552; x_wconf 89' lang='lat' dir='ltr'>studia</span> <span class='ocrx_word' id='word_1_472' title='bbox 682 4483 840 4553; x_wconf 60' lang='lat' dir='ltr'>eittsxsua</span> <span class='ocrx_word' id='word_1_473' title='bbox 864 4484 1074 4553; x_wconf 88' lang='lat' dir='ltr'>liberalitate</span> <span class='ocrx_word' id='word_1_474' title='bbox 1094 4481 1243 4551; x_wconf 86' lang='lat' dir='ltr'>adiuvit.</span> 
     </span>
     <span class='ocr_line' id='line_1_55' title="bbox 257 4581 1244 4678; baseline -0.006 -23"><span class='ocrx_word' id='word_1_475' title='bbox 257 4581 427 4655; x_wconf 87' lang='lat' dir='ltr'>Ostendit</span> <span class='ocrx_word' id='word_1_476' title='bbox 456 4598 491 4654; x_wconf 91' lang='lat' dir='ltr'>et</span> <span class='ocrx_word' id='word_1_477' title='bbox 515 4581 666 4654; x_wconf 85' lang='lat' dir='ltr'>Senatus</span> <span class='ocrx_word' id='word_1_478' title='bbox 693 4585 844 4678; x_wconf 89' lang='lat' dir='ltr'>inclytae</span> <span class='ocrx_word' id='word_1_479' title='bbox 868 4583 977 4655; x_wconf 90' lang='lat' dir='ltr'>Urbis</span> <span class='ocrx_word' id='word_1_480' title='bbox 1003 4583 1244 4666; x_wconf 86' lang='lat' dir='ltr'>Vratislaviae‚</span> 
     </span>
    </p>
   </div>
   <div class='ocr_carea' id='block_1_13' title="bbox 257 4681 1369 4780">
    <p class='ocr_par' dir='ltr' id='par_1_13' title="bbox 257 4681 1369 4780">
     <span class='ocr_line' id='line_1_56' title="bbox 257 4681 1369 4780; baseline -0.006 -22"><span class='ocrx_word' id='word_1_481' title='bbox 257 4689 364 4758; x_wconf 87' lang='lat' dir='ltr'>sede</span> <span class='ocrx_word' id='word_1_482' title='bbox 392 4685 504 4779; x_wconf 89' lang='lat' dir='ltr'>ipsius</span> <span class='ocrx_word' id='word_1_483' title='bbox 533 4681 678 4776; x_wconf 75' lang='lat' dir='ltr'>ingenio</span> <span class='ocrx_word' id='word_1_484' title='bbox 711 4686 800 4754; x_wconf 88' lang='lat' dir='ltr'>bene</span> <span class='ocrx_word' id='word_1_485' title='bbox 832 4687 973 4756; x_wconf 89' lang='lat' dir='ltr'>sentire.</span> <span class='ocrx_word' id='word_1_486' title='bbox 1030 4683 1242 4780; x_wconf 90' lang='lat' dir='ltr'>Quanquam</span> <span class='ocrx_word' id='word_1_487' title='bbox 1365 4719 1369 4730; x_wconf 94' lang='lat'>·</span> 
     </span>
    </p>
   </div>
   <div class='ocr_carea' id='block_1_14' title="bbox 253 4777 1242 5079">
    <p class='ocr_par' dir='ltr' id='par_1_14' title="bbox 253 4777 1242 5079">
     <span class='ocr_line' id='line_1_57' title="bbox 253 4777 1242 4860; baseline -0.004 -2"><span class='ocrx_word' id='word_1_488' title='bbox 253 4803 374 4860; x_wconf 77' lang='lat' dir='ltr'>&#39;autent</span> <span class='ocrx_word' id='word_1_489' title='bbox 391 4785 497 4859; x_wconf 88' lang='lat' dir='ltr'>hahet</span> <span class='ocrx_word' id='word_1_490' title='bbox 511 4777 700 4860; x_wconf 80' lang='lat' dir='ltr'>Zacharias</span> <span class='ocrx_word' id='word_1_491' title='bbox 716 4779 800 4854; x_wconf 87' lang='lat' dir='ltr'>haec</span> <span class='ocrx_word' id='word_1_492' title='bbox 817 4785 1017 4857; x_wconf 87' lang='lat' dir='ltr'>testimonia</span> <span class='ocrx_word' id='word_1_493' title='bbox 1032 4785 1177 4859; x_wconf 85' lang='lat' dir='ltr'>virtutis</span> <span class='ocrx_word' id='word_1_494' title='bbox 1197 4787 1242 4855; x_wconf 92' lang='lat' dir='ltr'>il-</span> 
     </span>
     <span class='ocr_line' id='line_1_58' title="bbox 257 4886 1241 4978; baseline -0.002 -20"><span class='ocrx_word' id='word_1_495' title='bbox 257 4891 399 4960; x_wconf 86' lang='lat' dir='ltr'>lnstria:</span> <span class='ocrx_word' id='word_1_496' title='bbox 451 4905 571 4960; x_wconf 89' lang='lat' dir='ltr'>tamen</span> <span class='ocrx_word' id='word_1_497' title='bbox 592 4903 626 4957; x_wconf 90' lang='lat' dir='ltr'>et</span> <span class='ocrx_word' id='word_1_498' title='bbox 650 4909 669 4956; x_wconf 92' lang='lat' dir='ltr'>a</span> <span class='ocrx_word' id='word_1_499' title='bbox 691 4909 746 4954; x_wconf 91' lang='lat' dir='ltr'>me</span> <span class='ocrx_word' id='word_1_500' title='bbox 760 4886 882 4958; x_wconf 87' lang='lat' dir='ltr'>literas</span> <span class='ocrx_word' id='word_1_501' title='bbox 894 4888 1038 4978; x_wconf 88' lang='lat' dir='ltr'>petivit,</span> <span class='ocrx_word' id='word_1_502' title='bbox 1062 4901 1103 4960; x_wconf 91' lang='lat' dir='ltr'>ut</span> <span class='ocrx_word' id='word_1_503' title='bbox 1119 4890 1241 4958; x_wconf 91' lang='lat' dir='ltr'>amici-</span> 
     </span>
     <span class='ocr_line' id='line_1_59' title="bbox 256 4983 1240 5079; baseline -0.008 -17"><span class='ocrx_word' id='word_1_504' title='bbox 256 4992 327 5062; x_wconf 87' lang='lat' dir='ltr'>tiae</span> <span class='ocrx_word' id='word_1_505' title='bbox 358 5003 499 5062; x_wconf 89' lang='lat' dir='ltr'>nostrae</span> <span class='ocrx_word' id='word_1_506' title='bbox 532 4991 671 5079; x_wconf 83' lang='lat' dir='ltr'>signum</span> <span class='ocrx_word' id='word_1_507' title='bbox 703 4987 742 5060; x_wconf 91' lang='lat' dir='ltr'>iu</span> <span class='ocrx_word' id='word_1_508' title='bbox 780 4983 845 5056; x_wconf 87' lang='lat' dir='ltr'>hac</span> <span class='ocrx_word' id='word_1_509' title='bbox 876 4989 1086 5078; x_wconf 83' lang='lat' dir='ltr'>migratione</span> <span class='ocrx_word' id='word_1_510' title='bbox 1123 5011 1240 5061; x_wconf 83' lang='lat' dir='ltr'>secttm</span> 
     </span>
    </p>
   </div>
   <div class='ocr_carea' id='block_1_15' title="bbox 254 5149 480 5166">
    <p class='ocr_par' dir='ltr' id='par_1_15' title="bbox 254 5149 480 5166">
     <span class='ocr_line' id='line_1_60' title="bbox 254 5149 480 5166; baseline -0.009 0"><span class='ocrx_word' id='word_1_511' title='bbox 254 5149 480 5166; x_wconf 57' lang='lat' dir='ltr'><em>m</em></span> 
     </span>
    </p>
   </div>
   <div class='ocr_carea' id='block_1_16' title="bbox 292 5237 1242 5362">
    <p class='ocr_par' dir='ltr' id='par_1_16' title="bbox 292 5237 1242 5362">
     <span class='ocr_line' id='line_1_61' title="bbox 292 5237 1242 5306; baseline 0.004 -14"><span class='ocrx_word' id='word_1_512' title='bbox 292 5241 321 5306; x_wconf 77' lang='lat' dir='ltr'>l)</span> <span class='ocrx_word' id='word_1_513' title='bbox 337 5237 443 5290; x_wconf 78' lang='lat' dir='ltr'>l&#39;erbs:</span> <span class='ocrx_word' id='word_1_514' title='bbox 468 5240 568 5290; x_wconf 66' lang='lat' dir='ltr'>edendi</span> <span class='ocrx_word' id='word_1_515' title='bbox 581 5239 712 5292; x_wconf 81' lang='lat' dir='ltr'>nidulum</span> <span class='ocrx_word' id='word_1_516' title='bbox 729 5267 760 5282; x_wconf 91' lang='lat'>-</span> <span class='ocrx_word' id='word_1_517' title='bbox 774 5242 974 5293; x_wconf 81' lang='lat' dir='ltr'>commendent</span> <span class='ocrx_word' id='word_1_518' title='bbox 993 5243 1033 5303; x_wconf 85' lang='lat' dir='ltr'>ei,</span> <span class='ocrx_word' id='word_1_519' title='bbox 1051 5239 1209 5298; x_wconf 76' lang='lat' dir='ltr'>exciderunt</span> <span class='ocrx_word' id='word_1_520' title='bbox 1227 5263 1242 5296; x_wconf 91' lang='lat' dir='ltr'>e</span> 
     </span>
     <span class='ocr_line' id='line_1_62' title="bbox 323 5305 555 5362; baseline -0.009 0"><span class='ocrx_word' id='word_1_521' title='bbox 323 5305 384 5362; x_wconf 84' lang='lat' dir='ltr'>cod.</span> <span class='ocrx_word' id='word_1_522' title='bbox 402 5305 483 5360; x_wconf 87' lang='lat' dir='ltr'>Goth.</span> <span class='ocrx_word' id='word_1_523' title='bbox 496 5307 555 5360; x_wconf 74' lang='lat'>212.</span> 
     </span>
    </p>
   </div>
   <div class='ocr_carea' id='block_1_17' title="bbox 291 5407 1240 5533">
    <p class='ocr_par' dir='ltr' id='par_1_17' title="bbox 291 5407 1240 5533">
     <span class='ocr_line' id='line_1_63' title="bbox 291 5407 1240 5485; baseline 0.009 -25"><span class='ocrx_word' id='word_1_524' title='bbox 291 5408 318 5476; x_wconf 80' lang='lat'>5)</span> <span class='ocrx_word' id='word_1_525' title='bbox 339 5408 406 5460; x_wconf 76' lang='lat' dir='ltr'>coa.</span> <span class='ocrx_word' id='word_1_526' title='bbox 420 5407 518 5462; x_wconf 82' lang='lat' dir='ltr'>Zittav.</span> <span class='ocrx_word' id='word_1_527' title='bbox 536 5410 622 5472; x_wconf 65' lang='lat' dir='ltr'>testa</span> <span class='ocrx_word' id='word_1_528' title='bbox 639 5411 684 5464; x_wconf 82' lang='lat' dir='ltr'>sed</span> <span class='ocrx_word' id='word_1_529' title='bbox 699 5429 771 5466; x_wconf 80' lang='lat' dir='ltr'>anno</span> <span class='ocrx_word' id='word_1_530' title='bbox 788 5409 863 5464; x_wconf 72' lang='lat'>1⁵52.</span> <span class='ocrx_word' id='word_1_531' title='bbox 880 5407 976 5465; x_wconf 84' lang='lat' dir='ltr'>ricinis</span> <span class='ocrx_word' id='word_1_532' title='bbox 992 5409 1176 5485; x_wconf 79' lang='lat' dir='ltr'>Norinbergae</span> <span class='ocrx_word' id='word_1_533' title='bbox 1194 5431 1240 5470; x_wconf 80' lang='lat' dir='ltr'>ra·</span> 
     </span>
     <span class='ocr_line' id='line_1_64' title="bbox 325 5477 804 5533; baseline 0.01 -6"><span class='ocrx_word' id='word_1_534' title='bbox 325 5479 441 5529; x_wconf 85' lang='lat' dir='ltr'>stabatur</span> <span class='ocrx_word' id='word_1_535' title='bbox 456 5481 488 5531; x_wconf 88' lang='lat' dir='ltr'>ab</span> <span class='ocrx_word' id='word_1_536' title='bbox 507 5477 618 5530; x_wconf 75' lang='lat' dir='ltr'>Allarto</span> <span class='ocrx_word' id='word_1_537' title='bbox 633 5477 804 5533; x_wconf 84' lang='lat' dir='ltr'>Merchione.</span> 
     </span>
    </p>
   </div>
   <div class='ocr_carea' id='block_1_18' title="bbox 1299 3835 2266 4033">
    <p class='ocr_par' dir='ltr' id='par_1_18' title="bbox 1299 3835 2266 4033">
     <span class='ocr_line' id='line_1_65' title="bbox 1300 3835 2265 3936; baseline 0.002 -30"><span class='ocrx_word' id='word_1_538' title='bbox 1300 3854 1335 3911; x_wconf 83' lang='lat' dir='ltr'>et</span> <span class='ocrx_word' id='word_1_539' title='bbox 1357 3841 1498 3932; x_wconf 87' lang='lat' dir='ltr'>praehet</span> <span class='ocrx_word' id='word_1_540' title='bbox 1522 3835 1714 3933; x_wconf 88' lang='lat' dir='ltr'>hospitium</span> <span class='ocrx_word' id='word_1_541' title='bbox 1729 3837 1926 3926; x_wconf 89' lang='lat' dir='ltr'>Ecclesiae,</span> <span class='ocrx_word' id='word_1_542' title='bbox 1953 3865 2103 3936; x_wconf 86' lang='lat' dir='ltr'>eamque</span> <span class='ocrx_word' id='word_1_543' title='bbox 2125 3841 2265 3914; x_wconf 81' lang='lat' dir='ltr'>omnibns</span> 
     </span>
     <span class='ocr_line' id='line_1_66' title="bbox 1299 3937 2266 4033; baseline -0.002 -21"><span class='ocrx_word' id='word_1_544' title='bbox 1299 3943 1424 4014; x_wconf 85' lang='lat' dir='ltr'>officiis</span> <span class='ocrx_word' id='word_1_545' title='bbox 1445 3956 1560 4016; x_wconf 89' lang='lat' dir='ltr'>ornat.</span> <span class='ocrx_word' id='word_1_546' title='bbox 1612 3939 1695 4012; x_wconf 91' lang='lat' dir='ltr'>ldeo</span> <span class='ocrx_word' id='word_1_547' title='bbox 1711 3939 1858 4014; x_wconf 89' lang='lat' dir='ltr'>Senatui</span> <span class='ocrx_word' id='word_1_548' title='bbox 1883 3943 2016 4033; x_wconf 88' lang='lat' dir='ltr'>patriae</span> <span class='ocrx_word' id='word_1_549' title='bbox 2038 3937 2137 4016; x_wconf 88' lang='lat' dir='ltr'>hunc</span> <span class='ocrx_word' id='word_1_550' title='bbox 2156 3937 2266 4013; x_wconf 72' lang='lat' dir='ltr'>Zaehe</span> 
     </span>
    </p>
   </div>
   <div class='ocr_carea' id='block_1_19' title="bbox 1270 4019 2265 4158">
    <p class='ocr_par' dir='ltr' id='par_1_19' title="bbox 1270 4019 2265 4158">
     <span class='ocr_line' id='line_1_67' title="bbox 1270 4019 2265 4158; baseline -0.001 -48"><span class='ocrx_word' id='word_1_551' title='bbox 1270 4019 1276 4158; x_wconf 60' lang='lat' dir='ltr'><strong>l</strong></span> <span class='ocrx_word' id='word_1_552' title='bbox 1303 4045 1390 4113; x_wconf 86' lang='lat' dir='ltr'>riam</span> <span class='ocrx_word' id='word_1_553' title='bbox 1413 4043 1600 4134; x_wconf 87' lang='lat' dir='ltr'>praecipue</span> <span class='ocrx_word' id='word_1_554' title='bbox 1631 4037 1853 4116; x_wconf 83' lang='lat' dir='ltr'>commendo.</span> <span class='ocrx_word' id='word_1_555' title='bbox 1911 4039 1989 4115; x_wconf 88' lang='lat' dir='ltr'>Oro</span> <span class='ocrx_word' id='word_1_556' title='bbox 2013 4060 2133 4117; x_wconf 89' lang='lat' dir='ltr'>antem</span> <span class='ocrx_word' id='word_1_557' title='bbox 2158 4045 2265 4117; x_wconf 84' lang='lat' dir='ltr'>Filium</span> 
     </span>
    </p>
   </div>
   <div class='ocr_carea' id='block_1_20' title="bbox 1300 4141 2266 4234">
    <p class='ocr_par' dir='ltr' id='par_1_20' title="bbox 1300 4141 2266 4234">
     <span class='ocr_line' id='line_1_68' title="bbox 1300 4141 2266 4234; baseline 0.002 -20"><span class='ocrx_word' id='word_1_558' title='bbox 1300 4144 1383 4228; x_wconf 86' lang='lat' dir='ltr'>llei,</span> <span class='ocrx_word' id='word_1_559' title='bbox 1409 4141 1603 4214; x_wconf 88' lang='lat' dir='ltr'>Dominum</span> <span class='ocrx_word' id='word_1_560' title='bbox 1621 4159 1782 4216; x_wconf 91' lang='lat' dir='ltr'>nostrum</span> <span class='ocrx_word' id='word_1_561' title='bbox 1802 4143 1916 4214; x_wconf 86' lang='lat' dir='ltr'>lesum</span> <span class='ocrx_word' id='word_1_562' title='bbox 1931 4141 2137 4234; x_wconf 90' lang='lat' dir='ltr'>Christum,</span> <span class='ocrx_word' id='word_1_563' title='bbox 2162 4163 2199 4216; x_wconf 91' lang='grc' dir='ltr'>ιιι</span> <span class='ocrx_word' id='word_1_564' title='bbox 2217 4168 2266 4234; x_wconf 82' lang='lat' dir='ltr'>gn-</span> 
     </span>
    </p>
   </div>
   <div class='ocr_carea' id='block_1_21' title="bbox 1270 4239 2266 4332">
    <p class='ocr_par' dir='ltr' id='par_1_21' title="bbox 1270 4239 2266 4332">
     <span class='ocr_line' id='line_1_69' title="bbox 1270 4239 2266 4332; baseline 0.019 -26"><span class='ocrx_word' id='word_1_565' title='bbox 1270 4281 1273 4306; x_wconf 72' lang='grc'>.</span> <span class='ocrx_word' id='word_1_566' title='bbox 1300 4247 1424 4316; x_wconf 87' lang='lat' dir='ltr'>hernet</span> <span class='ocrx_word' id='word_1_567' title='bbox 1445 4239 1672 4330; x_wconf 89' lang='lat' dir='ltr'>Zachariam,</span> <span class='ocrx_word' id='word_1_568' title='bbox 1707 4258 1741 4315; x_wconf 89' lang='lat' dir='ltr'>et</span> <span class='ocrx_word' id='word_1_569' title='bbox 1766 4245 1871 4318; x_wconf 82' lang='lat' dir='ltr'>saciat</span> <span class='ocrx_word' id='word_1_570' title='bbox 1890 4270 1970 4316; x_wconf 88' lang='lat' dir='ltr'>euru</span> <span class='ocrx_word' id='word_1_571' title='bbox 1995 4254 2127 4332; x_wconf 81' lang='grc' dir='ltr'>σκεῦος</span> <span class='ocrx_word' id='word_1_572' title='bbox 2156 4245 2266 4324; x_wconf 70' lang='grc' dir='ltr'><em>ἐλέους,</em></span> 
     </span>
    </p>
   </div>
   <div class='ocr_carea' id='block_1_22' title="bbox 1268 4343 2266 4636">
    <p class='ocr_par' dir='ltr' id='par_1_22' title="bbox 1268 4343 2266 4636">
     <span class='ocr_line' id='line_1_70' title="bbox 1269 4343 2266 4436; baseline 0.001 -24"><span class='ocrx_word' id='word_1_573' title='bbox 1269 4381 1273 4395; x_wconf 85' lang='lat'><strong>·</strong></span> <span class='ocrx_word' id='word_1_574' title='bbox 1299 4360 1333 4417; x_wconf 86' lang='lat' dir='ltr'>et</span> <span class='ocrx_word' id='word_1_575' title='bbox 1353 4369 1526 4436; x_wconf 80' lang='lat' dir='ltr'>organum</span> <span class='ocrx_word' id='word_1_576' title='bbox 1547 4346 1699 4418; x_wconf 88' lang='lat' dir='ltr'>salutare</span> <span class='ocrx_word' id='word_1_577' title='bbox 1720 4343 1919 4430; x_wconf 85' lang='lat' dir='ltr'>Ecclesiae,</span> <span class='ocrx_word' id='word_1_578' title='bbox 1951 4363 1987 4422; x_wconf 90' lang='lat' dir='ltr'>et</span> <span class='ocrx_word' id='word_1_579' title='bbox 2018 4373 2104 4421; x_wconf 88' lang='lat' dir='ltr'>suae</span> <span class='ocrx_word' id='word_1_580' title='bbox 2139 4351 2266 4421; x_wconf 81' lang='lat' dir='ltr'>animae.</span> 
     </span>
     <span class='ocr_line' id='line_1_71' title="bbox 1268 4445 2266 4542; baseline 0.009 -26"><span class='ocrx_word' id='word_1_581' title='bbox 1268 4462 1272 4542; x_wconf 68' lang='lat' dir='ltr'>j</span> <span class='ocrx_word' id='word_1_582' title='bbox 1298 4445 1687 4537; x_wconf 83' lang='lat' dir='ltr'>DataeWittehergee‚</span> <span class='ocrx_word' id='word_1_583' title='bbox 1715 4445 1824 4520; x_wconf 84' lang='lat' dir='ltr'>Anno</span> <span class='ocrx_word' id='word_1_584' title='bbox 1844 4448 1952 4524; x_wconf 76' lang='lat'><strong>1552.</strong></span> <span class='ocrx_word' id='word_1_585' title='bbox 1975 4451 2033 4522; x_wconf 91' lang='lat' dir='ltr'>die</span> <span class='ocrx_word' id='word_1_586' title='bbox 2053 4449 2173 4524; x_wconf 92' lang='lat' dir='ltr'>locobi</span> <span class='ocrx_word' id='word_1_587' title='bbox 2188 4449 2266 4542; x_wconf 75' lang='lat' dir='ltr'>Ape</span> 
     </span>
     <span class='ocr_line' id='line_1_72' title="bbox 1268 4547 1673 4636; baseline -0.005 -13"><span class='ocrx_word' id='word_1_588' title='bbox 1268 4547 1272 4623; x_wconf 81' lang='lat' dir='ltr'>l</span> <span class='ocrx_word' id='word_1_589' title='bbox 1297 4549 1377 4620; x_wconf 86' lang='lat' dir='ltr'>stoli</span> <span class='ocrx_word' id='word_1_590' title='bbox 1389 4603 1399 4636; x_wconf 94' lang='lat'>,</span> <span class='ocrx_word' id='word_1_591' title='bbox 1425 4550 1487 4620; x_wconf 89' lang='lat' dir='ltr'>filii</span> <span class='ocrx_word' id='word_1_592' title='bbox 1505 4547 1673 4622; x_wconf 89' lang='lat' dir='ltr'>Salomes.</span> 
     </span>
    </p>
   </div>
   <div class='ocr_carea' id='block_1_23' title="bbox 1747 4645 2229 4746">
    <p class='ocr_par' dir='ltr' id='par_1_23' title="bbox 1747 4645 2229 4746">
     <span class='ocr_line' id='line_1_73' title="bbox 1747 4645 2229 4746; baseline -0.002 -25"><span class='ocrx_word' id='word_1_593' title='bbox 1747 4645 1938 4746; x_wconf 88' lang='lat' dir='ltr'>Philippus</span> <span class='ocrx_word' id='word_1_594' title='bbox 1959 4649 2229 4730; x_wconf 86' lang='lat' dir='ltr'>Melanchthon,</span> 
     </span>
    </p>
   </div>
   <div class='ocr_carea' id='block_1_24' title="bbox 1847 4755 2134 4848">
    <p class='ocr_par' dir='ltr' id='par_1_24' title="bbox 1847 4755 2134 4848">
     <span class='ocr_line' id='line_1_74' title="bbox 1847 4755 2134 4848; baseline 0.028 -26"><span class='ocrx_word' id='word_1_595' title='bbox 1847 4777 1956 4824; x_wconf 89' lang='lat' dir='ltr'>manu</span> <span class='ocrx_word' id='word_1_596' title='bbox 1975 4755 2134 4848; x_wconf 86' lang='lat' dir='ltr'>propria.</span> 
     </span>
    </p>
   </div>
   <div class='ocr_carea' id='block_1_25' title="bbox 1303 4951 2264 4978">
    <p class='ocr_par' dir='ltr' id='par_1_25' title="bbox 1303 4951 2264 4978">
     <span class='ocr_line' id='line_1_75' title="bbox 1303 4951 2264 4978; baseline 0.005 -11"><span class='ocrx_word' id='word_1_597' title='bbox 1303 4951 1718 4976; x_wconf 51' lang='lat' dir='ltr'>mm·-</span> <span class='ocrx_word' id='word_1_598' title='bbox 1725 4958 1783 4976; x_wconf 58' lang='lat' dir='ltr'><strong>-Qq-—o</strong></span> <span class='ocrx_word' id='word_1_599' title='bbox 1799 4963 1996 4978; x_wconf 50' lang='grc' dir='ltr'>-ι-...η-φ...,,...,</span> <span class='ocrx_word' id='word_1_600' title='bbox 2006 4953 2264 4978; x_wconf 54' lang='grc' dir='ltr'>...Μ</span> 
     </span>
    </p>
   </div>
   <div class='ocr_carea' id='block_1_26' title="bbox 1308 5078 1502 5153">
    <p class='ocr_par' dir='ltr' id='par_1_26' title="bbox 1308 5078 1502 5153">
     <span class='ocr_line' id='line_1_76' title="bbox 1308 5078 1502 5153; baseline -0.01 -3"><span class='ocrx_word' id='word_1_601' title='bbox 1308 5078 1375 5153; x_wconf 87' lang='grc' dir='ltr'>Νο.</span> <span class='ocrx_word' id='word_1_602' title='bbox 1390 5079 1502 5151; x_wconf 86' lang='grc'><strong>5166.</strong></span> 
     </span>
    </p>
   </div>
   <div class='ocr_carea' id='block_1_27' title="bbox 1297 5093 2264 5212">
    <p class='ocr_par' dir='ltr' id='par_1_27' title="bbox 1297 5093 2264 5212">
     <span class='ocr_line' id='line_1_77' title="bbox 1297 5093 2264 5212; baseline 0.004 -4"><span class='ocrx_word' id='word_1_603' title='bbox 1297 5173 1508 5208; x_wconf 57' lang='grc' dir='ltr'><strong>Μ</strong></span> <span class='ocrx_word' id='word_1_604' title='bbox 2149 5093 2264 5212; x_wconf 51' lang='lat' dir='ltr'><em>Q</em></span> 
     </span>
    </p>
   </div>
   <div class='ocr_carea' id='block_1_28' title="bbox 1478 5192 2110 5376">
    <p class='ocr_par' dir='ltr' id='par_1_28' title="bbox 1478 5192 2110 5376">
     <span class='ocr_line' id='line_1_78' title="bbox 1478 5192 2110 5376; baseline 0.013 -23"><span class='ocrx_word' id='word_1_605' title='bbox 1478 5192 1743 5376; x_wconf 73' lang='lat' dir='ltr'>(Testimon.</span> <span class='ocrx_word' id='word_1_606' title='bbox 1768 5197 1829 5360; x_wconf 28' lang='lat' dir='ltr'>[de</span> <span class='ocrx_word' id='word_1_607' title='bbox 1856 5200 2110 5376; x_wconf 75' lang='lat' dir='ltr'>Sehtliero.)</span> 
     </span>
    </p>
   </div>
   <div class='ocr_carea' id='block_1_29' title="bbox 1364 5423 2261 5574">
    <p class='ocr_par' dir='ltr' id='par_1_29' title="bbox 1364 5423 2261 5574">
     <span class='ocr_line' id='line_1_79' title="bbox 1364 5423 2261 5502; baseline 0.03 -26"><span class='ocrx_word' id='word_1_608' title='bbox 1364 5425 1416 5480; x_wconf 80' lang='lat' dir='ltr'>Ta.</span> <span class='ocrx_word' id='word_1_609' title='bbox 1428 5423 1539 5479; x_wconf 66' lang='lat' dir='ltr'>Sincera·</span> <span class='ocrx_word' id='word_1_610' title='bbox 1553 5425 1591 5483; x_wconf 64' lang='lat' dir='ltr'>st.</span> <span class='ocrx_word' id='word_1_611' title='bbox 1605 5426 1767 5497; x_wconf 63' lang='lat' dir='ltr'>mundetur</span> <span class='ocrx_word' id='word_1_612' title='bbox 1785 5447 1836 5490; x_wconf 82' lang='lat' dir='ltr'>sm</span> <span class='ocrx_word' id='word_1_613' title='bbox 1859 5436 1943 5494; x_wconf 78' lang='lat' dir='ltr'>tauto</span> <span class='ocrx_word' id='word_1_614' title='bbox 1962 5439 2031 5497; x_wconf 87' lang='lat' dir='ltr'>ottnt</span> <span class='ocrx_word' id='word_1_615' title='bbox 2052 5437 2176 5496; x_wconf 68' lang='lat' dir='ltr'>utum·</span> <span class='ocrx_word' id='word_1_616' title='bbox 2206 5432 2261 5502; x_wconf 68' lang='lat' dir='ltr'>fiat.</span> 
     </span>
     <span class='ocr_line' id='line_1_80' title="bbox 1399 5495 1917 5574; baseline 0.014 -24"><span class='ocrx_word' id='word_1_617' title='bbox 1399 5509 1426 5550; x_wconf 84' lang='lat' dir='ltr'>tt.</span> <span class='ocrx_word' id='word_1_618' title='bbox 1438 5497 1492 5564; x_wconf 64' lang='lat' dir='ltr'>ipa.</span> <span class='ocrx_word' id='word_1_619' title='bbox 1514 5495 1588 5551; x_wconf 81' lang='lat' dir='ltr'>ttts.</span> <span class='ocrx_word' id='word_1_620' title='bbox 1606 5503 1632 5552; x_wconf 73' lang='lat' dir='ltr'>tl.</span> <span class='ocrx_word' id='word_1_621' title='bbox 1653 5519 1680 5571; x_wconf 89' lang='lat' dir='ltr'>p.</span> <span class='ocrx_word' id='word_1_622' title='bbox 1700 5503 1748 5555; x_wconf 82' lang='lat' dir='ltr'>tttt</span> <span class='ocrx_word' id='word_1_623' title='bbox 1759 5521 1818 5574; x_wconf 83' lang='lat' dir='ltr'>sqq.</span> <span class='ocrx_word' id='word_1_624' title='bbox 1837 5501 1917 5570; x_wconf 71' lang='lat' dir='ltr'>[Du]</span> 
     </span>
    </p>
   </div>
   <div class='ocr_carea' id='block_1_30' title="bbox 0 0 2392 6196">
    <p class='ocr_par' dir='ltr' id='par_1_30' title="bbox 0 0 2392 6196">
     <span class='ocr_line' id='line_1_81' title="bbox 0 0 2392 6196; baseline 0 0"><span class='ocrx_word' id='word_1_625' title='bbox 0 0 2392 6196; x_wconf 95' lang='lat' dir='ltr'> </span> 
     </span>
    </p>
   </div>
  </div>
 </body>
</html>
