4624 6216
68 297 133 374 tat
600 295 1037 378 uetsrouarton

874 467 1021 540 acuon

66 465 235 598 Q
854 558 1026 590 w„

333 629 383 716 fi.
410 627 736 714 Bachteolzero.

125 773 205 830 Manlii
218 773 316 844 ἕως.
333 789 361 844 p.
374 769 425 824 268
437 788 479 840 aq.

61 889 249 970 Reverendo
275 891 371 976 vira,
396 887 452 965 D.
474 881 1032 984 Georgiancfsftoltzer,

57 995 243 1100 praeposita
257 986 715 1164 Ecclesiaseuonp'Jlepp'pgde
731 986 886 1079 Arctoa,
912 994 1032 1064 amico

58 1223 253 1306 Reverende
268 1227 338 1296 vir:
366 1223 458 1296 Cum
473 1223 554 1296 Dur
569 1217 747 1293 Prassiae
761 1223 806 1294 ad
821 1225 953 1294 multos
970 1249 1030 1295 eo-

55 1341 131 1406 dem
145 1341 342 1422 argomento
361 1325 558 1416 scripserit,
583 1326 672 1396 utile
687 1337 775 1396 esset
796 1325 842 1395 ab
865 1321 920 1394 his
941 1327 1029 1396 rici-

53 1437 108 1506 nis
123 1431 326 1526 principibus
340 1429 387 1497 ita
404 1425 541 1497 institui
558 1426 869 1511 deliberationem,
894 1441 935 1500 ut
956 1451 1027 1498 una

51 1534 233 1608 communis
256 1529 438 1622 responsio
463 1529 678 1611 mitteretur,
701 1551 746 1596 ne
769 1541 889 1619 postea
910 1553 952 1598 ex
972 1523 1028 1596 his

53 1637 158 1706 initiis
170 1623 297 1704 maiora
314 1629 460 1700 dissidia
477 1629 653 1698 oriantur:
674 1645 708 1700 et
723 1625 789 1698 hoc
806 1653 925 1699 meum
943 1655 1028 1699 con-

51 1739 162 1810 silinm
194 1735 298 1803 velim
333 1729 481 1799 indicari
520 1731 653 1826 inclyto
687 1731 838 1822 principi
871 1727 1025 1801 Electorr

50 1829 274 1912 Marchiani.
326 1829 403 1922 Ego
430 1826 597 1902 hactenus
622 1855 696 1900 non
720 1831 817 1901 volni
839 1835 1027 1902 accendere

50 1939 244 2014 discordias.
305 1933 387 2003 ldeo
410 1932 540 2002 multas
561 1933 755 2002 multorum
779 1933 927 2004 iniurias
948 1958 1025 2025 per·

48 2043 132 2128 tnli,
154 2062 274 2131 meque
287 2031 353 2105 hac
369 2058 454 2104 voce
469 2034 642 2102 consolari
659 2033 769 2103 soleo:
797 2033 903 2122 Quod
922 2049 1026 2105 estex

45 2145 132 2228 Deo,
146 2165 214 2212 non
228 2137 450 2207 dissolvetur.
482 2135 643 2226 Simplici
658 2147 692 2203 et
708 2133 766 2224 pio
783 2136 903 2205 animo
919 2161 1027 2229 quae-

46 2247 112 2316 sivi
134 2256 166 2312 et
185 2239 326 2312 recitavi
351 2259 523 2308 summam
546 2237 728 2306 doctrinae
743 2230 930 2309 Ecclesiae.
979 2235 1027 2306 Et

45 2343 135 2418 mihi
154 2367 215 2413 nec
236 2341 449 2433 potentiam,
480 2360 545 2406 nec
568 2359 652 2428 opes
674 2336 843 2430 quaesivi.
892 2335 941 2407 Et
963 2363 1026 2407 oro

44 2450 154 2518 lilium
169 2444 233 2516 Dei
249 2441 445 2512 Dominum
463 2452 623 2508 nostrum
637 2435 751 2508 lesum
768 2433 969 2522 Christum,
990 2451 1029 2510 ut

43 2574 101 2620 me
123 2559 233 2636 regat,
265 2557 299 2612 et
332 2553 446 2611 servet
472 2535 597 2608 harum
626 2539 811 2630 regionum
843 2537 1028 2613 Ecclesias.

43 2651 181 2739 Quaeso
203 2660 241 2716 ut
262 2639 352 2712 mihi
374 2641 552 2723 scribatis,
584 2664 630 2710 an
661 2641 747 2710 velit
770 2640 1029 2712 illustrissimus

41 2753 208 2838 Princeps
221 2743 364 2815 Elector
377 2735 579 2823 Marchia,
605 2755 645 2812 ut
662 2763 733 2811 una
755 2743 951 2812 communis
974 2767 1030 2811 re·

39 2852 182 2942 sponsio
208 2849 381 2920 mittatur.
431 2841 528 2912 Bene
550 2857 584 2914 et
606 2843 755 2914 feliciter
776 2843 901 2920 valete.
958 2845 1029 2916 Die

36 2956 99 3028 26.
114 2948 341 3032 Novembris,
362 2969 457 3016 anno
476 2943 585 3019 1551.

141 3051 301 3141 Cogitavi
335 3051 379 3118 de
408 3047 521 3118 forma
546 3045 626 3138 pia,
658 3059 692 3118 et
714 3069 821 3140 quam
853 3069 1029 3136 sperarem

38 3155 247 3232 concordiae
270 3151 491 3244 profuturam
520 3171 610 3217 esse:
639 3159 672 3218 et
692 3171 767 3218 non
781 3147 952 3238 gravatim
969 3172 1031 3218 ve-

36 3261 135 3332 niam
160 3257 203 3326 ad
230 3251 467 3346 colloquium,
488 3247 535 3320 de
560 3273 596 3320 re
618 3261 716 3320 tanta
742 3271 823 3320 cum
849 3249 930 3320 aliis
945 3273 1031 3320 con-

33 3357 191 3434 ferendi.

865 3686 923 3748 27.
938 3675 1019 3746 Noe.

860 3766 1031 3794 m

36 3685 111 3758 No·
128 3675 245 3754 4984.

25 3777 249 3812 w

236 3843 435 3954 Georgia
459 3837 614 3924 Prine.
639 3835 834 3926 Anbalt.

93 3993 189 4064 spese
203 3989 252 4048 οι..
266 3989 300 4047 n.
318 4007 346 4060 ρ.
358 3985 418 4042 ca.
437 3982 494 4054 (aa
508 3981 598 4042 none
613 3979 662 4038 tm
676 3981 712 4040 n.
729 4001 771 4054 en
783 3981 870 4052 aaa.

180 4125 237 4200 1).
262 4119 462 4219 Georgia
487 4115 657 4218 Principi
669 4117 719 4210 ,in
746 4113 893 4191 Antan

15 4259 64 4345 Β.
102 4263 155 4337 D.
207 4257 447 4332 lllnstrissime
462 4251 651 4346 Princeps,
677 4245 775 4344 Opto
796 4267 837 4322 ut
863 4251 930 4322 iter
954 4253 1030 4322 viro

16 4365 263 4458 ntcgerrimo
280 4359 325 4434 D.
334 4351 377 4428 F
373 4365 511 4427 atstera
525 4355 571 4424 sit
587 4355 742 4424 fanstom
759 4367 794 4422 ct
809 4354 910 4434 felix,
926 4379 1029 4447 qoem

16 4473 177 4548 orielem
196 4461 366 4556 expoliari
384 4461 453 4528 iam
471 4459 513 4526 ad
533 4455 573 4530 C.
583 4453 627 4530 V.
642 4453 729 4526 utile
747 4467 815 4534 cst,
842 4469 882 4524 nt
895 4479 1029 4525 sermo-

16 4549 133 4648 iibus
164 4564 207 4638 C.
231 4565 273 4638 V.
297 4563 452 4632 leniatur
475 4557 507 4627 ei
530 4557 651 4642 clolor,
676 4579 747 4690 epto
772 4570 914 4646 propter
937 4555 1029 4624 filiae

17 4675 206 4752 raximae
231 4681 318 4736 natu
341 4675 491 4732 mortem
515 4657 676 4728 adiicitur
705 4659 743 4750 ),
775 4657 811 4725 in
832 4681 900 4750 qna
929 4671 1029 4728 erant

20 4781 162 4852 nrltae
190 4767 349 4858 egregiae
372 4767 471 4833 dotes
492 4759 603 4828 animi
624 4771 659 4828 et
675 4758 845 4850 corporis.
895 4755 1030 4852 Estque

17 4879 140 4956 ¹atris
163 4868 344 4941 moestitia
368 4890 410 4934 co
436 4859 568 4944 maior,
601 4859 686 4954 quia
719 4859 811 4928 frliae
839 4862 1028 4929 morbosa

18 4997 199 5056 roerorc
238 4985 336 5040 onus
365 4965 450 5049 fuit,
483 4960 557 5056 ¹quo
591 4957 856 5030 excruciabatur
886 4975 1029 5052 propter

18 5079 146 5156 restiti
179 5065 389 5169 ἀστοργίαν
415 5067 459 5138 et'
475 5087 591 5132 mores
605 5059 750 5130 inutiles
776 5059 1029 5152 patrifamilias.

18 5189 112 5260 lasec
147 5177 247 5248 scire
268 5171 309 5250 C.
323 5167 368 5248 V.
389 5163 521 5250 volui,
540 5175 580 5234 ut
603 5163 750 5236 miscere
772 5161 1029 5232 consolationes

33 5389 69 5457 ο)
92 5383 171 5438 vsa.
191 5379 256 5436 sea
277 5385 302 5430 ι.
322 5372 431 5448 μοι..
448 5371 483 5428 τ.
505 5367 649 5446 tasse
674 5366 710 5424 a·
734 5365 832 5422 enm
854 5361 975 5422 antea
1000 5364 1030 5420 a.

76 5451 134 5510 Β.
154 5451 241 5510 Nar·
279 5445 339 5504 sat.

1086 297 1197 378 nm.
1223 295 1306 372 xn.
1350 239 1492 376 'esst
2007 303 2082 380 sss

1087 463 1166 534 aliis
1185 459 1408 534 sennonibus
1423 461 1574 534 studeat.
1624 457 1679 534 De
1693 463 1845 554 puhlicis
1867 465 2016 556 negotiis
2042 491 2080 540 ee

1087 589 1176 658 quae
1190 559 1362 634 habemus
1378 565 1423 634 de
1438 560 1549 634 Ducis
1562 554 1757 636 Prassiaci
1776 566 1889 636 literis
1905 570 1949 638 ad
1973 567 2080 640 Prin-

1087 666 1180 758 cipes
1196 679 1231 734 et
1248 665 1407 734 civitates
1426 663 1561 749 anissis,
1582 680 1616 735 et
1637 667 1681 736 de
1695 657 1896 738 Pannonia
1921 693 2080 740 recense-

1086 768 1140 838 bit
1156 767 1200 838 D.
1214 759 1260 836 F
1255 774 1426 838 orsterns.
1477 763 1664 838 Prodesset
1685 791 1794 839 unam
1813 771 2079 862 responsionem

1085 869 1130 938 ab
1143 863 1199 937 his
1208 867 1332 936 vicinis
1342 865 1570 956 Principibus
1583 867 1677 938 mitti
1692 872 1735 940 ad
1747 867 1881 940 Ducem
1891 863 2079 946 Penestae.

1089 965 1126 1038 ld
1157 968 1279 1060 scripsi
1311 969 1353 1036 ad
1378 959 1658 1038 Bacholceram.
1715 969 1843 1040 Nostra
1870 973 1950 1044 aula
1975 971 2079 1044 nobis

1084 1071 1246 1140 nondum
1268 1068 1367 1138 misit
1382 1062 1605 1140 Prassiacas
1620 1071 1756 1142 literas:
1784 1067 1832 1142 Et
1847 1073 2003 1143 fortassis
2019 1098 2081 1144 ac·

1084 1185 1208 1260 cupata
1230 1183 1282 1239 cst
1307 1169 1388 1238 aliis
1413 1171 1525 1254 curis,
1558 1195 1647 1264 quas
1679 1171 1817 1242 utinam
1839 1172 1937 1246 Dens
1970 1187 2078 1264 regat.

1086 1272 1223 1342 Vellem
1249 1285 1285 1341 et
1308 1269 1351 1342 C.
1368 1269 1411 1341 V.
1431 1265 1659 1340 Marchioni
1679 1275 1849 1360 scribere,
1872 1288 1911 1346 ut
1940 1289 2078 1348 curaret

1081 1397 1190 1444 unam
1211 1395 1436 1442 communem
1462 1375 1727 1464 responsionem
1761 1375 1866 1448 mitti.
1923 1374 2014 1446 Nam
2047 1375 2078 1444 si

1082 1489 1196 1546 sumet
1209 1473 1278 1542 sibi
1293 1496 1477 1544 censuram
1498 1475 1574 1544 eius
1588 1475 1833 1559 concionator,
1853 1476 1953 1546 cuius
1978 1477 2077 1547 vani·

1081 1577 1188 1644 tasin
1206 1588 1384 1644 conventu
1401 1576 1539 1664 cognita
1557 1587 1627 1656 est,
1651 1589 1770 1648 metuo
1795 1577 1929 1647 maiora
1957 1601 1998 1648 ex
2022 1579 2077 1646 vi-

1017 1733 1026 1748 .
1081 1677 1173 1744 cinia
1190 1675 1348 1748 dissidia.
1399 1673 1498 1748 Bene
1513 1691 1548 1748 et
1561 1677 1712 1748 feliciter
1728 1673 1956 1754 valeatCV.
2007 1675 2075 1749 Die

1080 1777 1143 1852 27.
1162 1777 1334 1848 Novemb.

1101 2093 1168 2164 No.
1194 2092 1307 2172 4985.
1399 2047 1403 2054 ·

1094 2191 1314 2225 m

1923 2101 2075 2220 Q

1428 2261 1496 2351 10.
1527 2261 1736 2383 Stipclio.
1863 2314 1873 2332 ·

1151 2405 1241 2464 Drnr.
1261 2421 1324 2476 epp.
1339 2401 1373 2457 ed
1386 2402 1481 2474 Stigel.
1493 2421 1535 2476 ep.
1549 2403 1591 2465 62.
1628 2405 1698 2462 cod.
1715 2403 1798 2462 Goth.
1810 2403 1869 2460 188.
1883 2423 1925 2478 ep.
1940 2403 2000 2464 tte.

1082 2539 1308 2622 Clarissima
1332 2542 1431 2627 viro,
1465 2542 1632 2638 ingenia,
1660 2539 1862 2616 eruditione
1887 2556 1919 2616 et
1946 2545 2076 2616 virtute

1078 2646 1306 2748 praestanti,
1338 2643 1396 2718 D.
1425 2643 1605 2716 Ioanni
1629 2643 1861 2742 Stigelio,
1893 2653 1949 2746 τῷ
1982 2651 2073 2744 Θεῷ,

1081 2748 1146 2826 καὶ
1169 2753 1252 2832 ταῖς
1276 2743 1470 2836 Μούσαις,
1492 2742 1684 2921 ¹pelecisctp13
1712 2747 1840 2848 fratri
1863 2773 1932 2820 saa
1959 2749 2075 2822 caris-

1461 2873 1575 2936 simo,
1628 2903 1638 2924 0
1686 2895 1697 2920 ο

1083 2970 1219 3061 Carisa.
1244 2985 1364 3056 frater.
1422 2977 1532 3074 Apud
1555 2975 1782 3050 Aristotelem
1814 2981 1852 3051 in
1873 2977 2076 3055 Rhetoricis

1082 3109 1204 3158 versus
1227 3099 1311 3155 suut
1332 3081 1578 3174 Empedoclis,
1604 3079 1741 3177 physici
1757 3083 1905 3165 Poetae,
1932 3097 1972 3156 nt
1998 3085 2075 3168 scis,

1083 3190 1213 3285 quibus
1230 3185 1381 3256 describi
1396 3185 1515 3277 inquit
1532 3181 1589 3254 lus
1602 3197 1767 3267 naturae,
1781 3200 1822 3256 nt
1838 3185 2075 3263 nominamus,

1144 3297 1240 3368 ’.ttta
1269 3297 1306 3362 ed
1336 3296 1393 3377 μὲν
1417 3294 1543 3360 πάντων
1570 3293 1704 3378 νόμιμον
1722 3295 1822 3360 dedc’
1853 3295 2075 3380 edpvpldaerac

1167 3379 1302 3467 αἰθέρος
1316 3379 1448 3465 dvexisse
1459 3381 1605 3458 nicaeae,
1631 3379 1682 3444 ded
1697 3378 1724 3446 τ’
1737 3379 1872 3446 ἀπλέτου
1887 3383 2000 3467 αὐγῆς.

1084 3487 1165 3574 dit,
1188 3489 1372 3571 ordinem,
1396 3509 1458 3556 seu
1474 3499 1631 3554 mentem
1644 3484 1783 3554 ordinis
1795 3509 1955 3566 causam.
1973 3513 2075 3580 spar-

1084 3615 1157 3662 sam
1173 3613 1246 3659 esse
1268 3589 1307 3658 in
1327 3601 1437 3658 totam
1460 3601 1625 3656 naturam
1645 3599 1823 3675 regentem
1845 3587 1948 3660 iusta.
2000 3588 2039 3658 lli
2046 3591 2075 3658 i·

1084 3707 1291 3774 emmaum,
1316 3685 1383 3758 hos
1397 3712 1517 3758 versus
1533 3689 1578 3756 ad
1602 3682 1694 3756 hanc
1707 3688 1904 3756 doctrinam
1927 3689 1973 3758 de
1994 3689 2074 3760 lore

1083 3807 1232 3863 naturae
1248 3791 1294 3862 ab
1309 3786 1500 3860 Aristotele
1516 3789 1786 3862 accommodari.
1818 3788 1887 3860 Sed
1905 3793 2076 3861 concedo-

1083 3917 1163 3963 mus
1176 3893 1208 3962 ei
1224 3889 1303 3964 hoc.
1354 3890 1495 3960 Scimus
1509 3901 1646 3974 autem,
1665 3887 1732 3958 Dei
1750 3891 1968 3962 voluntatem
1991 3915 2075 3976 csse,

1084 4007 1125 4064 ut
1145 3995 1234 4084 grati
1260 3993 1371 4062 simus
1391 3993 1453 4076 iis,
1474 3991 1536 4084 qui
1558 4005 1592 4062 ct
1612 3991 1704 4060 bene
1718 4007 1901 4062 merentur
1915 3995 1959 4062 de
1976 4018 2074 4063 com·

1083 4095 1183 4164 muni
1210 4094 1304 4177 vita,
1338 4105 1372 4162 et
1393 4093 1558 4185 privatim
1582 4092 1686 4162 nobis
1709 4091 1800 4160 hene
1824 4093 1969 4165 fecittot.
2021 4089 2075 4164 hc

1084 4221 1186 4288 saepe
1207 4190 1274 4264 hoc
1296 4197 1369 4264 iam
1393 4197 1518 4278 recito,
1543 4192 1795 4283 gratitudinem
1811 4193 1977 4262 virtutem
2001 4215 2075 4262 esse

1084 4299 1313 4389 compositam
1337 4319 1379 4366 ex
1394 4295 1532 4365 duabus
1551 4293 1699 4362 sommis
1716 4291 1922 4375 virtutibus,
1948 4317 1989 4362 ex
2012 4317 2075 4362 ve-

1083 4399 1188 4469 ritate
1204 4413 1239 4468 et
1255 4397 1400 4470 institia.
1452 4395 1589 4464 Veritas
1610 4393 1809 4482 profitetur,
1834 4393 1930 4462 unde
1951 4391 1996 4464 sit
2014 4417 2074 4462 sc-

1082 4513 1223 4590 ceptum
1238 4497 1463 4568 beneficium:
1488 4493 1624 4564 institia
1638 4493 1772 4581 obligat
1790 4495 1835 4562 ad
1855 4505 1977 4563 mutua
1993 4494 2073 4562 offi-

1082 4601 1149 4674 cia.
1200 4598 1285 4671 Tibi
1303 4597 1411 4688 igitur
1424 4595 1557 4688 optime
1572 4595 1721 4662 merenti
1736 4597 1781 4662 de
1794 4593 1920 4664 studiis
1933 4593 2074 4684 publice

1082 4701 1260 4792 patituda
1275 4700 1436 4771 debetur.
1485 4693 1535 4770 Et
1547 4719 1612 4784 ego
1634 4695 1719 4778 tibi,
1743 4717 1808 4786 pro
1826 4707 1993 4786 perpetua
2013 4707 2073 4766 tue

1081 4825 1164 4892 erga
1181 4825 1237 4870 me
1254 4793 1516 4880 benevolentia,
1538 4795 1793 4884 gratitudinem
1815 4817 1956 4885 suuper
1970 4817 2073 4887 prae-

1081 4904 1193 4974 stabo·
1249 4899 1351 4974 Tuos
1371 4899 1526 4988 optimos
1548 4917 1670 4966 versus
1686 4917 1801 4988 nuper
1821 4889 1914 4966 milti
1936 4897 2072 4968 missos.

1081 5001 1214 5072 Paulus
1226 5000 1374 5072 tradidit
1397 4995 1443 5070 V
1435 4995 1602 5068 alentiam
1615 4991 1796 5090 hypasim,
1822 4991 2073 5090 Typographo,

1079 5115 1122 5174 ut
1136 5101 1251 5174 nitide
1263 5095 1470 5192 edantoc‘).
1522 5096 1556 5168 le
1571 5099 1749 5190 prontisit,
1773 5119 1812 5166 se
1829 5097 1935 5168 nobis
1955 5121 2074 5168 exem-

1080 5203 1140 5296 pla
1156 5205 1348 5274 missurum
1365 5223 1459 5286 esse,
1473 5223 1582 5294 qnae,
1602 5221 1683 5268 cum
1700 5221 1884 5290 accepero,
1905 5197 1973 5270 tibi
1989 5199 2074 5270 mit-

1116 5433 1147 5504 ι)
1165 5431 1228 5490 na.
1243 5429 1479 5508 ensasogaa.
1494 5431 1537 5488 n.
1552 5429 1618 5500 spe.
1633 5425 1699 5484 t...
1812 5407 1828 5439 ⁰
