4680 6220
80 356 159 438 eta
674 275 1354 435 catecumenorum.
1404 347 1541 433 rere.
2055 357 2133 435 rso
2219 453 2225 470 Ι

79 543 217 607 mumto
241 531 325 605 line.
377 528 431 607 lta
451 525 559 607 buius
576 529 725 608 actionis
741 531 905 626 proprius
921 529 1003 600 linis
1020 539 1083 608 est,
1130 525 1240 613 tium,
1261 527 1325 624 qui
1341 525 1586 620 persuasiones
1599 549 1619 601 a
1632 529 1767 622 populo
1783 543 1960 627 acceptas,
1982 559 2127 634 quoquo
2208 585 2213 592 .

84 638 388 710 commonefacere
421 659 487 707 nos
517 638 562 708 de
587 635 815 709 Testamento
841 633 907 704 filii
929 631 1015 716 Dei,
1047 645 1082 703 et
1129 633 1237 701 modo
1252 629 1413 702 recitant.
2095 635 2100 650 '

86 739 319 834 promissione
342 735 531 828 Evangelii
554 739 715 832 propria,
750 737 852 808 etde
874 735 1082 806 remissione
1230 731 1338 823 Quod
1359 733 1471 823 igitur
1490 730 1601 826 aliqui
1616 732 1762 831 dicunt,
1782 757 1821 806 se
1835 757 2047 812 consensum
2062 763 2125 814 ca-

88 858 325 934 peccatorum,
350 853 393 912 ut
413 842 482 911 fide
503 842 629 928 erecti,
653 839 789 910 firmins
806 849 1081 910 statuamusnos
1125 825 1287 920 ,thelicae
1307 830 1498 906 Ecclesiae
1520 831 1627 904 nobis
1649 857 1835 932 opponere.
1886 838 1953 910 His
1975 867 2125 938 respon-

86 943 209 1036 recipi,
235 943 312 1014 lieri
328 944 506 1060 membra?
530 944 629 1015 ablui
641 943 813 1032 sanguine
825 941 893 1010 filii
906 939 996 1026 Dei,
1021 938 1080 1008 in·
1127 939 1269 1024 demus,
1302 961 1368 1008 nos
1395 961 1618 1033 nequaquam
1639 939 1827 1011 dissentire
1846 943 1892 1013 ab
1915 949 2124 1020 eruditiori-

81 1069 265 1132 vocemus,
292 1057 327 1116 et
347 1067 491 1135 agamus
511 1046 640 1137 gratias
657 1041 746 1118 Deo.
795 1041 868 1113 Nec
888 1039 1080 1133 affingendi
1126 1039 1193 1110 bus
1213 1039 1395 1132 patribus,
1428 1055 1463 1111 et
1486 1039 1639 1110 retinere
1663 1039 1701 1110 in
1727 1043 1857 1114 nostris
1879 1039 2047 1120 Ecclesiis
2068 1067 2125 1140 ea,¹

77 1163 162 1219 sunt
186 1148 251 1218 alii
273 1147 380 1232 finos,
405 1149 502 1244 quod
525 1143 592 1218 hoc
607 1171 697 1240 opus
712 1147 758 1217 sit
770 1145 937 1216 meritum
953 1144 1077 1240 prosu·
1126 1165 1215 1235 quae
1230 1145 1275 1212 ad
1287 1143 1523 1214 substantiam
1538 1136 1644 1212 huius
1660 1146 1751 1215 ritus
1762 1146 1961 1237 pertinent,
1984 1155 2044 1222 sed
2061 1177 2120 1224 ac-

75 1263 199 1322 turum
215 1250 257 1318 in
271 1261 445 1334 mercatu,
471 1263 533 1322 aut
548 1249 784 1340 navigatione.
1125 1257 1303 1320 cesserunt
1329 1244 1574 1336 persuasiones
1597 1245 1687 1316 aliae
1707 1248 1850 1338 populi,
1884 1274 1973 1343 quae
1998 1270 2119 1345 postea

178 1349 394 1424 Retinemus
425 1352 536 1444 igitur
565 1375 690 1422 verum
716 1349 936 1424 Sacramenti
961 1371 1077 1435 usum,
1124 1346 1181 1414 vel
1204 1348 1471 1439 superstitione,
1502 1347 1560 1418 vel
1580 1360 1726 1439 propter
1746 1363 1931 1444 quaestum
1956 1359 2118 1430 cumula-

75 1467 108 1526 et
132 1477 243 1524 veros
268 1441 374 1539 ines,
414 1465 449 1526 ct
474 1453 746 1546 applicationem
771 1451 968 1522 faciendam
1003 1473 1077 1521 esse
1123 1459 1179 1520 tae
1200 1463 1293 1519 sunt.

76 1555 221 1648 propria
241 1555 322 1644 fide,
341 1569 376 1627 et
390 1553 566 1626 sumtione
583 1557 758 1627 docemus.
810 1551 858 1625 Et
873 1553 1005 1624 accedit
1019 1576 1077 1624 sa·
1224 1550 1318 1638 Hae,
1343 1550 1408 1624 etsi
1432 1571 1557 1640 magna
1578 1550 1774 1623 multitudo
1791 1575 1849 1624 eas
1864 1556 2044 1628 mordicus
2060 1585 2118 1631 re-

75 1658 198 1752 crifirii
216 1659 328 1743 ratio,
352 1669 393 1730 ut
411 1659 631 1744 dictumest,
656 1658 738 1750 quia
755 1653 814 1728 hic
829 1657 869 1728 fit
883 1655 1075 1742 invocatio,
1122 1653 1221 1740 tinet,
1243 1647 1450 1726 tamennon
1468 1667 1550 1723 sunt
1563 1647 1758 1724 catholicus
1772 1679 1975 1732 consensus.
2006 1658 2118 1736 Adest

72 1759 391 1851 gratiarumactio,
416 1759 600 1834 confessio.
650 1755 698 1831 Et
714 1760 764 1831 sic
779 1759 928 1830 sensisse
940 1770 1074 1829 veteres
1121 1757 1215 1826 filius
1230 1755 1299 1828 Dei
1322 1755 1441 1848 operi,
1468 1755 1565 1848 quod
1588 1754 1761 1842 instituit,
1786 1757 1969 1846 videlicet,
1995 1777 2035 1832 ut
2056 1766 2116 1838 fiat

72 1861 290 1932 eruditiores
312 1875 476 1954 apparet,
507 1861 570 1958 qni
594 1861 681 1932 alias
703 1877 745 1934 ut
767 1863 810 1934 de
832 1859 1073 1946 Sacramento,
1121 1859 1338 1930 distributio.
1391 1853 1444 1927 De
1465 1855 1545 1924 aliis
1567 1857 1755 1948 operibus,
1783 1862 1977 1952 etquidem
1995 1865 2115 1936 diver·

69 1965 158 2033 alias
178 1979 220 2036 ut
237 1964 281 2034 de
296 1963 462 2034 sacrificio
477 1965 687 2058 loquuntur.
735 1963 853 2034 Verba
869 1963 909 2031 in
925 1959 1073 2032 Conone
1120 1961 1186 2046 sis,
1212 1961 1392 2057 quiddici
1415 1958 1563 2052 poterit,
1587 1958 1657 2028 nisi
1680 1961 2115 2054 quodcnltusinstituan.

68 2089 197 2156 gracco
220 2079 255 2136 et
279 2065 390 2138 latino
414 2067 458 2136 de
482 2065 678 2151 sumtione,
716 2067 914 2161 loquuntur
937 2065 982 2134 de
1005 2059 1072 2134 hac
1120 2077 1179 2134 tur
1194 2060 1351 2136 humano
1367 2060 1544 2133 consilio?
1594 2057 1690 2132 Haec
1705 2064 1862 2132 modeste
1878 2067 2139 2160 recitavimus,·

68 2169 234 2249 actione,
265 2182 307 2240 ut
329 2169 372 2237 de
388 2166 635 2255 Sacramento,
660 2167 790 2240 deinde
811 2171 856 2239 de
878 2165 1071 2258 gratiarum
1119 2188 1193 2238 non
1220 2181 1260 2240 ut
1285 2164 1476 2238 certamina
1500 2176 1688 2252 augeamus
1703 2157 1761 2258 ¹⁸),
1793 2167 1851 2234 sed
1875 2181 1917 2238 ut
1938 2165 2113 2244 Ecclesias

69 2271 237 2353 actione,
262 2283 303 2340 ut
320 2271 362 2340 de
379 2269 561 2346 sacrificio.
1119 2285 1172 2342 tot
1184 2271 1369 2362 regionum
1382 2265 1628 2348 consolemur,
1656 2279 1689 2335 et
1704 2289 1922 2355 excusemus,
1946 2287 1980 2343 et
1993 2287 2113 2344 osten-

174 2369 524 2467 SynodusNicaena,
548 2369 1071 2466 utdeSacramentoloquitur.
1119 2375 1263 2459 damus,
1296 2395 1361 2443 nos
1391 2370 1544 2440 retinere
1572 2367 1749 2456 integrum
1776 2370 1905 2452 ritum,
1938 2385 1972 2444 et
1994 2398 2113 2447 veram

66 2469 131 2545 Ait
156 2473 278 2556 enirn,
305 2469 411 2543 nobis
434 2495 507 2544 esse
526 2469 771 2544 testimoniam
788 2471 1072 2560 resurrectionis,
1119 2477 1317 2548 doctrinam
1341 2477 1384 2544 de
1406 2497 1491 2553 usu,
1523 2493 1569 2538 ne
1590 2470 1754 2540 turbetur
1779 2495 1901 2542 earum
1919 2473 2113 2565 invocatio,

68 2573 164 2672 quia
199 2569 412 2675 efficiamur
444 2573 607 2646 membra
641 2573 850 2646 resuscitati
866 2571 954 2671 filii
981 2573 1071 2651 Dei.
1118 2581 1177 2650 sed
1207 2593 1247 2650 ut
1267 2581 1361 2650 bona
1385 2567 1598 2645 conscientia
1623 2570 1680 2663 pie
1704 2585 1851 2645 utantur
1872 2573 2112 2668 sacramento,

72 2675 213 2746 Eodem
234 2675 715 2773 moduloquirurlrenaeur.
765 2674 815 2748 Et
828 2675 1070 2772 Epiphanius:
1118 2697 1153 2754 et
1175 2683 1243 2752 fide
1268 2706 1341 2751 non
1365 2676 1563 2769 trepidante
1586 2673 1755 2746 invocent
1777 2674 1914 2759 Deum',
1949 2692 1983 2751 et
2005 2697 2112 2772 agant

83 2773 215 2850 Virtus
236 2776 274 2848 ia
291 2787 455 2878 pareest
471 2772 817 2873 advieificationem
834 2776 1021 2879 perfidem
1037 2789 1070 2852 et
1117 2786 1256 2874 gratias.
1307 2780 1356 2854 Et
1371 2781 1602 2850 fundamenta
1624 2777 1810 2848 manifesta
1833 2791 1867 2848 et
1889 2779 1990 2852 firma
2011 2797 2111 2856 sunt:

71 2901 188 2976 spem,
1117 2885 1240 2960 Unica
1263 2881 1450 2956 oblatione
1470 2876 1715 2950 consummati
1726 2887 1813 2949 sunt
1827 2881 1959 2956 sancti.
2012 2884 2113 2974 ltem,

174 2979 274 3055 Haec
298 2985 504 3056 describunt
526 3007 651 3072 usum,
677 2983 740 3080 qui
756 2986 922 3078 proprius
937 2997 988 3056 est
1004 2983 1070 3056 Sa·
1117 2987 1157 3058 in
1181 3011 1273 3058 novo
1287 2983 1522 3058 Testamenta
1536 2976 1578 3076 ¹⁹)
1603 2978 1843 3052 certissimum
1865 2992 1935 3064 est,
1961 2983 2111 3058 nullam

62 3087 255 3156 crementi.
305 3083 406 3158 Alibi
427 3111 530 3173 vero,
556 3089 657 3158 utde
672 3089 842 3158 sacrificio
857 3088 1004 3172 dicitur,
1028 3101 1070 3158 ut
1118 3087 1355 3161 ceremoniam
1383 3109 1446 3156 sea
1470 3088 1633 3179 gestam,
1671 3078 1895 3175 sacrificium
1926 3108 2000 3157 esse
2028 3087 2112 3160 solo

61 3211 147 3257 curn
164 3181 209 3280 ¹')
229 3184 449 3277 Augustinus
466 3189 599 3282 inquit:
631 3185 682 3260 In
698 3184 1068 3286 eeleribasfiguratio
1114 3201 1238 3288 gestu,
1264 3215 1326 3261 seu
1345 3203 1385 3262 ut
1406 3187 1511 3277 vulgo
1528 3188 1743 3280 loquuntur,
1768 3207 1815 3256 esc
1834 3210 1936 3284 opere
1951 3201 2110 3286 operato,

56 3287 163 3387 suit:
198 3283 252 3360 In
274 3281 343 3360 Aac
358 3283 540 3382 sacrificio
555 3291 768 3384 gratiaram
783 3292 897 3378 actio,
922 3301 954 3362 et
970 3313 1067 3360 com·
1114 3291 1183 3366 sed
1202 3317 1285 3364 vera
1309 3287 1509 3374 invocatio,
1534 3295 1566 3356 el
1580 3283 1793 3380 gratiaram
1808 3288 1905 3358 actia
1918 3283 2111 3366 Ecclesiae

63 3389 288 3462 memoratio
309 3399 372 3466 est.
424 3389 478 3464 Ac
493 3394 818 3465 manifestissimum
835 3394 904 3482 est,
932 3414 1066 3468 veteres
1115 3395 1156 3466 in
1184 3395 1265 3496 ipso
1293 3391 1366 3464 rita
1383 3386 1435 3484 fit
1463 3384 1686 3482 sacrificium
1706 3385 1790 3458 Deo
1814 3397 1976 3482 gratum.
2028 3391 2108 3466 Hoc

65 3495 286 3564 eruditiores
307 3517 383 3564 non
405 3490 474 3578 hoc
497 3495 670 3576 voluisse,
694 3497 822 3568 mereri
843 3494 940 3570 bunc
956 3489 1064 3570 ritum
1114 3526 1194 3572 cum
1218 3500 1266 3570 ita
1290 3510 1449 3569 servetur
1469 3491 1508 3562 in
1525 3489 1695 3564 Ecclesiis
1717 3493 1866 3578 nostris,
1897 3515 2039 3565 oramus
2062 3521 2108 3567 ne

64 3595 144 3664 aliis
169 3595 434 3677 remissionem,
466 3609 527 3666 aut
548 3620 638 3688 opus
660 3599 776 3691 ipsum
792 3595 832 3696 ¹¹)
857 3603 1066 3694 applicatio·
1113 3605 1313 3676 turbentur.
1722 3589 1725 3600 ¹
1917 3646 1920 3656 =

66 3719 149 3766 nem
171 3719 247 3766 esse
269 3721 334 3788 pro
359 3697 457 3790 aliis,
482 3721 547 3768 nec
568 3702 732 3790 prodesse
754 3703 962 3776 sacrificium
980 3731 1065 3798 pro·
1214 3702 1269 3774 De
1282 3699 1429 3772 Conone
1449 3707 1587 3766 constat
1609 3695 1695 3763 duas
1719 3707 1833 3785 partes
1859 3695 1898 3764 in
1914 3719 1956 3766 eo
1972 3701 2108 3788 praeci-

66 3799 188 3890 prium
204 3797 270 3868 filii
286 3797 364 3885 Dei,
386 3800 464 3870 sine
479 3793 546 3871 hoc
564 3825 668 3894 opere
682 3806 882 3879 sacerdotis.
933 3803 981 3878 Et
996 3803 1064 3878 hoc
1112 3829 1181 3900 pue
1196 3797 1426 3897 reprehendi,
1452 3821 1542 3894 quae
1555 3795 1710 3868 Cononis
1727 3798 1888 3889 propriae
1905 3813 1989 3870 sunt
2002 3796 2059 3894 ²⁰).

68 3924 158 3992 opus
180 3901 373 3972 sacerdotis
393 3901 469 3971 ficri
487 3917 667 3993 oportere,
691 3919 725 3976 et
741 3908 976 3978 necessarium
990 3934 1063 3980 esse
1212 3905 1373 3976 Primum
1392 3897 1502 3986 hanc,
1528 3899 1623 3994 quod
1641 3899 1744 3967 toties
1756 3902 1862 3990 petit,
1887 3914 1927 3971 ut
1940 3898 2037 3972 Deus
2051 3928 2107 3972 re-

67 3997 268 4086 Ecclesiae,
288 4003 392 4072 ctiam
407 4004 438 4072 si
454 4005 545 4080 nulli
559 4006 676 4078 adsint
691 4009 1001 4092 communicantes,
1029 4027 1063 4083 et
1112 4009 1219 4102 cipiat
1235 4005 1329 4079 hauc
1350 4003 1585 4094 oblationem,
1610 4015 1644 4072 et
1661 3999 1760 4094 quasi
1775 4017 1938 4094 precatur
1952 4029 2017 4096 pro
2031 4005 2105 4077 lilio

69 4105 193 4174 crebro
224 4105 423 4176 iterandum
448 4129 540 4189 esse,
569 4119 610 4178 ut
633 4111 743 4179 multa
768 4109 862 4180 bona
884 4127 1063 4185 mereatur
1110 4111 1197 4198 Dei,
1225 4111 1298 4181 imo
1322 4120 1401 4179 orat
1421 4103 1571 4200 perferri
1588 4105 1633 4176 ab
1652 4102 1798 4193 Angelis
1815 4108 1859 4174 ad
1876 4103 1992 4175 Deum
2012 4102 2104 4178 hanc
2199 4169 2202 4180 .

66 4201 256 4280 Ecclesiae.
307 4203 386 4276 Etsi
407 4207 577 4278 credibile
598 4223 668 4296 est,
695 4213 746 4281 sic
769 4211 899 4282 multos
924 4237 1062 4308 semper
1109 4239 1210 4286 suam
1227 4213 1456 4284 oblationem.

66 4307 234 4392 sensisse,
258 4319 299 4378 ut
320 4331 457 4400 semper
471 4309 578 4380 falsae
593 4313 834 4402 persuasiones
847 4315 892 4386 de
906 4341 1061 4389 ceremo-
1212 4313 1352 4398 Deinde
1375 4309 1509 4404 inquit:
1543 4299 1749 4408 Offerimcm
1768 4301 1956 4400 proeliis.
2007 4307 2103 4378 Haec

64 4409 136 4477 niis
154 4410 260 4479 etiam
285 4409 324 4478 in
348 4405 503 4480 Ecclesia
530 4412 568 4480 in
590 4415 712 4484 multis
743 4409 908 4500 haerent,
941 4433 1059 4490 tamen
1111 4431 1162 4489 est
1184 4415 1245 4487 illa
1267 4415 1475 4510 applicatio,
1507 4435 1596 4504 quae
1617 4421 1771 4494 taxatur,
1797 4409 2102 4478 imoctmeritum

63 4511 142 4600 pios
164 4525 201 4582 ct
214 4511 372 4584 eruditos
388 4526 478 4582 recte
494 4513 708 4586 intellexisse
722 4540 826 4588 usum
841 4518 1061 4594 sacramenti
1109 4521 1304 4592 confirmat.
1335 4515 1422 4586 Vult
1437 4535 1511 4583 esse
1524 4509 1733 4581 sacrificium
1747 4534 1812 4602 pro
1828 4523 1979 4600 peccato.
2011 4509 2101 4580 Nam

62 4627 220 4706 apparet,
246 4627 281 4682 et
292 4612 500 4684 sacrificium
515 4615 726 4688 intellexisse
743 4621 935 4708 gratiarum
950 4626 1061 4694 actio·
1108 4617 1164 4692 his
1180 4621 1297 4692 verbis
1312 4619 1426 4690 utitur
1439 4639 1503 4710 pro
1520 4611 1737 4684 redemtione
1755 4607 1963 4684 animarum.
2003 4609 2103 4697 ltrm,

63 4739 160 4798 nem,
183 4729 222 4786 ut
236 4727 270 4786 et
284 4711 411 4786 Canon
427 4711 584 4786 Graecus
596 4720 725 4813 inquit,
743 4713 949 4823 Offerimas
962 4719 1062 4798 lianc

61 4811 218 4916 λογικὴν
238 4811 411 4912 λατρείαν
430 4839 499 4911 pro
521 4811 734 4916 Prophetis,
764 4821 972 4922 Apostolis,
998 4838 1060 4900 etc.

64 4919 117 4988 Ac
140 4919 302 5012 prolecto
323 4933 525 5012 optaremus
547 4921 586 4990 in
607 4917 672 4992 bac
688 4929 927 4999 controversia
942 4931 1060 5001 audiri
1144 4901 1193 5056 13³)
1206 4898 1373 5040 ‘fflmffl
1388 4897 1462 5041 3:⁰2
1475 4895 1842 5048 ἓζῖοέᾗὲἶῖἵῖηέἷφθ
1860 4973 1910 5027 st:
1935 4975 1981 5028 tte
1993 4991 2101 5030 m„

63 5021 354 5110 suffragationem
381 5021 541 5092 eruditae
564 5023 805 5118 antiquitatis,
837 5053 911 5101 non
938 5055 1060 5103 recen·
1177 5063 1374 5122 conseatur..
1399 5050 1624 5125 ,telepsensis
1643 5049 1740 5104 secte
1769 5047 1909 5120 „esaum
1929 5054 1968 5098 aa
1982 5044 2011 5098 in
2026 5063 2101 5102 noro

60 5175 288 5190 ......„....
442 5250 448 5266 .
528 5253 544 5268 ..
1177 5113 2102 5302 2}{32¹²3‘2iiri⁰ilil“aif¹fili⁰iiiia'e‘is{illisirri¹⁰pfli⁰lla'i

94 5251 139 5318 16)
160 5257 192 5304 “¹
204 5253 284 5316 cam]
303 5247 391 5304 0⁰⁶³·
405 5251 480 5304 “1⁸0⁸
490 5251 541 5303 ⁰1¹⁸
555 5253 590 5305 ⁴¹2
603 5253 740 5322 ‘ssm'fiflt'o
754 5258 921 5332 lwttwittr,
937 5272 978 5319 at.
1149 5287 1152 5294 ·
1177 5263 1265 5335 „solo
1276 5273 1369 5332 gertu3
1395 5262 1442 5316 sed
1455 5257 1593 5314 invocatio
1606 5275 1670 5311 reru
1683 5263 1709 5308 et
1720 5265 1868 5326 gratiarum
1883 5259 1954 5306 acteo
1978 5251 2102 5306 *cclcsrae

92 5337 139 5396 ¹7)
160 5335 234 5388 Pro*
252 5344 303 5385 Μ
315 5351 387 5398 θΡω
400 5335 489 5396 ῘΡΜΜ
503 5339 720 5404 applicationem
734 5349 801 5410 etc,
815 5351 852 5395 ut
865 5345 934 5400 inira
947 5347 981 5402 sd
995 5367 1057 5402 res.
1177 5337 1229 5400 „in
1249 5332 1309 5416 ipso
1328 5331 1382 5386 ritu
1396 5329 1431 5414 sit
1445 5325 1606 5410 sacriticiprn
1622 5325 1682 5380 Deo
1696 5332 1814 5394 gratum.
1849 5319 1920 5376 Cum
1936 5319 1971 5372 ite
1986 5337 2101 5400 serren-

128 5407 178 5460 l³³²
196 5403 321 5458 51⁰⁸&st
334 5405 509 5456 mllwt'mus
524 5415 591 5472 etc,
610 5406 638 5462 io
660 5407 739 5464 codd.
754 5419 858 5464 tantum
874 5411 938 5469 baec
952 5415 1055 5470 baben·
1175 5413 1245 5473 „tur
1260 5421 1287 5454 m
1303 5401 1431 5454 Ecclesus
1446 5409 1558 5458 nostru,
1583 5412 1706 5455 oremus,
1725 5411 1759 5444 ne
1771 5389 1916 5445 turbentur
1927 5405 1997 5442 nora
2011 5387 2098 5456 abque

125 5483 173 5528 ω’
181 5491 189 5528 ²
212 5481 285 5544 affl
301 5469 509 5541 ’Pillffllwfflt
529 5475 585 5528 elus
606 5477 783 5532 neeessariam
798 5497 854 5533 esse
868 5481 900 5534 sd
913 5483 1054 5540 remmio.
1173 5468 1411 5541 „perturbstionn
1447 5467 1489 5520 De
1504 5483 1609 5520 canone
1622 5461 1751 5518 coustst”
1767 5469 1821 5514 etc.

125 5559 217 5612 „oens
230 5547 415 5612 peccatorum.
448 5539 520 5598 llaec
533 5544 729 5602 modestissime
740 5545 936 5606 saturianum
948 5563 1000 5611 etc.
1139 5553 1184 5624 20)
1203 5571 1276 5623 arear
1287 5562 1365 5622 sont]
1384 5553 1452 5608 cod.
1465 5551 1544 5606 Mor.
1556 5547 1599 5606 90.
1616 5565 1671 5601 non
1684 5545 1772 5601 babet.

1364 5639 1438 5716 to·
