4680 6220
194 311 269 390 251
781 302 1219 387 EPISTOLARUM
1271 309 1478 396 utnxt
1531 313 1663 396 1⁶48.
1906 319 1916 332 '
2160 319 2222 397 252
2306 247 2307 330 ἕ

193 474 262 550 No.
280 472 399 552 4480.
1098 481 1148 566 (b.
1163 481 1205 569 t.)
1256 481 1465 557 deliberatio
1488 497 1558 572 est,
1583 507 1665 555 cnm
1688 477 1918 572 adhibemur,
1942 497 1985 558 nt
2006 483 2083 558 aliis
2097 484 2226 559 infirmis

203 573 374 606 *⁸*
1067 576 1196 604 Μ
1256 599 1290 656 et
1322 587 1555 658 dissimilibus
1589 585 1781 658 consilium
1813 601 1976 660 nostrum
2014 592 2226 664 ostendamus.
2306 595 2307 600 ’

512 656 569 748 F·
596 657 878 749 Bursslmdll·
1256 685 1442 761 Interdum
1458 689 1564 760 etiam
1581 689 1826 780 adiunguntur
1843 691 1926 777 alii,
1952 714 2101 786 quornm
2116 691 2227 760 volun·

497 835 906 912 :aas.upsn.ttb.1.p.tss.
941 841 1076 900 mom,
1103 843 1144 900 „b
1167 842 1194 900 Π
1254 803 1343 862 tates
1366 815 1385 861 a
1410 815 1513 860 causa
1538 791 1675 861 alienae
1697 805 1790 868 sunt.
1839 789 1909 863 Hic
1922 793 2129 890 proponitur
2140 793 2227 863 nobis

498 909 592 965 omine
609 907 721 980 Georgii
736 909 876 966 anbelant
889 923 991 984 serpo
1005 921 1046 968 est
1061 881 1204 969 s’MetinJ
1254 887 1340 962 haec
1362 893 1532 964 terribilis
1555 890 1701 979 Oratio,
1742 919 1789 964 ne
1814 893 1890 964 sine
1914 895 2113 966 necessariis
2135 895 2228 964 causis

1255 995 1488 1083 praebeamus
1522 995 1741 1066 occasionem
1765 997 1956 1068 vastandae
1983 997 2124 1088 patriae.
2172 994 2228 1065 Pa-

266 841 496 1042 seiliil

375 1153 419 1226 D
457 1148 720 1228 Francgm
745 1148 846 1225 Bur
855 1063 966 1225 cim
975 1148 1028 1228 do
1254 1095 1416 1166 tiendum
1440 1119 1514 1166 esse
1535 1097 1600 1167 ubi
1623 1121 1712 1188 opus
1734 1111 1803 1184 cst,
1835 1111 1875 1170 ut
1897 1091 2029 1168 Petrus
2049 1097 2174 1193 inquit:
2202 1109 2228 1168 et

1254 1211 1397 1288 sperant
1418 1219 1520 1290 posse
1537 1198 1709 1268 declinari
1721 1199 1898 1292 pericula,
1929 1201 1960 1270 si
1974 1201 2174 1293 recipiamus
2188 1199 2229 1267 ri·
2304 1213 2307 1260 l

201 1293 251 1384 S.
275 1302 320 1378 D.
373 1302 526 1376 Gratum
541 1297 633 1372 mihi
649 1301 737 1383 fuit,
763 1304 861 1396 quod
877 1303 931 1372 vir
948 1305 1072 1374 doctus
1085 1315 1120 1375 et
1134 1299 1203 1374 ho·
1256 1313 1312 1370 tus
1336 1301 1495 1393 aliquos,
1527 1301 1591 1394 qui
1612 1324 1675 1392 per
1691 1325 1728 1371 se
1744 1297 1819 1372 non
1835 1315 1918 1374 sunt
1932 1303 2072 1373 viciosi:
2098 1316 2131 1372 et
2143 1325 2229 1370 accu·
2301 1345 2304 1383 s

200 1423 339 1492 nestus,
369 1404 506 1476 Doctor
527 1397 731 1475 Plicardus
754 1406 799 1474 ad
823 1429 879 1474 me
902 1406 1057 1480 accessit.
1110 1402 1203 1476 Gra-
1255 1413 1353 1472 satur
1374 1403 1506 1472 iniusta
1527 1403 1739 1495 pertinacia,
1773 1405 1804 1474 si
1826 1405 1865 1474 in
1888 1405 2019 1476 talibus
2035 1405 2136 1474 rebus
2149 1402 2229 1470 noli·
2306 1484 2307 1492 ἵ

138 1517 143 1529 “
201 1513 273 1584 tius
287 1509 393 1580 etiam
409 1522 472 1590 est,
498 1509 596 1602 quod
614 1530 690 1575 mea
709 1507 873 1576 mandata
888 1507 956 1576 tibi
971 1507 1125 1578 officiose
1141 1532 1203 1578 ex·
1254 1527 1335 1573 mus
1356 1505 1457 1595 publ.
1474 1505 1725 1600 tranquillitati
1748 1507 1892 1582 servire.
1943 1504 1987 1576 In
2010 1501 2075 1576 hac
2090 1505 2229 1576 oratione
2304 1572 2305 1580 ,

201 1611 333 1707 posuit.
383 1609 476 1680 Nam
499 1633 580 1679 cum
602 1607 729 1678 teiam
751 1609 839 1676 olim
856 1609 1030 1698 singulari
1047 1611 1204 1679 benevo-
1256 1605 1394 1676 etiamsi
1415 1619 1556 1693 errant,
1580 1631 1662 1678 cum
1683 1607 1856 1678 declinari
1880 1605 2038 1701 pericula
2060 1631 2155 1700 posse
2170 1605 2229 1674 cxi·

203 1714 334 1798 lentia,
367 1735 443 1781 non
469 1711 584 1782 solum
607 1722 753 1801 propter
772 1708 912 1799 ingenii
929 1711 982 1782 tui
1005 1723 1041 1780 et
1060 1710 1203 1782 virtutis
1255 1707 1410 1792 stimant,
1435 1731 1501 1778 nos
1517 1722 1632 1778 tamen
1646 1733 1720 1778 non
1737 1705 1882 1780 horride
1897 1733 2095 1803 pugnamus
2108 1711 2150 1779 de
2163 1707 2229 1777 tali·

202 1815 475 1910 praestantiam,
522 1812 582 1882 sed
622 1811 728 1880 etiam
762 1825 909 1904 propter
943 1812 1203 1883 observantiam
1255 1809 1487 1895 busritibus,
1512 1809 1595 1903 quia
1610 1809 1700 1880 aliae
1715 1825 1797 1882 sunt
1814 1813 2074 1882 controversiae
2090 1811 2229 1892 maiores,

204 1941 287 2009 erga
304 1930 461 1988 nostram
483 1912 674 1993 familiam,
702 1915 905 2004 complexus
921 1915 1005 1995 sim,
1032 1939 1107 1986 non
1122 1939 1204 1985 mn·
1255 1913 1299 1979 de
1322 1913 1453 2006 quibus
1468 1910 1639 1982 acerrima
1653 1925 1738 1983 sunt
1752 1915 1955 1988 certamina.
2007 1913 2055 1986 Ut
2072 1913 2173 2004 igitur
2185 1931 2229 1978 res
2300 1929 2304 1974 :s

204 2031 327 2092 tarunt
348 2041 464 2086 meam
481 2037 562 2104 erga
578 2027 613 2086 te
629 2015 853 2086 voluntatem
870 2029 1050 2110 tempora,
1076 2041 1116 2086 ac
1136 2017 1205 2088 sio-
1255 2015 1467 2108 necessarias
1489 2013 1722 2100 retineamus,
1755 2037 1876 2085 sumus
1899 2017 1938 2084 in
1956 2039 2031 2086 non
2047 2012 2229 2086 necessariis

204 2121 269 2193 ubi
295 2133 437 2212 potero,
466 2143 504 2209 re
529 2118 605 2208 ipsa
629 2115 837 2208 declarabo,
863 2141 920 2187 me
935 2121 1029 2190 dete
1045 2133 1205 2192 amanter
1256 2115 1375 2186 minus
1398 2116 1500 2200 duri,
1533 2117 1740 2208 praesertim
1764 2117 1956 2202 cumritus
1982 2117 2036 2186 illi
2061 2135 2229 2206 magnaei

168 2252 171 2258 ¹
206 2223 358 2302 sentire,
391 2243 430 2290 ac
452 2219 521 2289 tibi
540 2220 633 2288 bene
655 2218 758 2289 velle.
813 2215 920 2308 Quod
941 2245 1024 2291 vero
1042 2221 1205 2312 deploras
1257 2231 1354 2309 parte
1375 2230 1479 2287 antea
1495 2218 1693 2288 manserint
1708 2218 1744 2287 in
1763 2211 1892 2289 harum
1906 2216 2110 2311 Regionum
2125 2213 2229 2287 Eccle-

205 2321 447 2394 Ecclesiarum
470 2320 724 2404 calamitatem,
761 2344 852 2414 quae
874 2346 971 2392 nunc
994 2321 1089 2393 edita
1111 2346 1204 2394 nova
1256 2319 1329 2392 siis.
1387 2315 1436 2390 Et
1456 2319 1728 2390 similitudinem
1749 2319 1889 2392 institui
1909 2321 1980 2390 iam
2006 2321 2092 2391 olim
2113 2315 2228 2410 optavi-

207 2425 390 2495 doctrinae
414 2423 526 2491 forma
549 2419 1021 2512 multipliciterturbantur,
1046 2448 1204 2496 commu·
1256 2445 1355 2506 mus,
1386 2433 1428 2492 ut
1451 2421 1657 2491 meministi.
1707 2420 1778 2492 Sed
1802 2424 1919 2494 aditus
1938 2423 1997 2508 fit,
2022 2423 2172 2517 inquies,
2191 2417 2225 2485 ad

207 2527 265 2596 nis
287 2521 346 2595 hic
363 2537 415 2593 est
429 2516 534 2594 do'lor
549 2523 743 2592 multorum
761 2523 914 2614 piorum.
967 2523 1138 2596 Videmus
1152 2539 1205 2596 te-
1256 2523 1490 2594 mutationem
1509 2523 1699 2609 maiorem,
1724 2537 1758 2594 et
1774 2545 1853 2615 spes
1869 2526 2078 2596 defectionis
2095 2518 2222 2596 ostendi·

207 2631 337 2698 nebras
358 2625 480 2694 induci
504 2624 662 2704 veritati,
688 2625 775 2714 pelli
798 2625 930 2697 multos
953 2629 1068 2697 bonos
1089 2641 1123 2698 et
1139 2630 1205 2706 do·
1256 2637 1332 2710 tur‚
1359 2625 1589 2697 confirmatur
1604 2625 1750 2696 audacia
1766 2627 2063 2702 adversariorum.
2113 2624 2223 2696 Scimus

209 2745 284 2801 ctos
299 2727 463 2798 Pastorcs
483 2749 525 2795 cr
544 2725 619 2795 suis
635 2721 821 2812 Ecclesiis,
845 2729 967 2818 vagari
988 2730 1107 2799 exules
1124 2754 1204 2800 curn
1256 2727 1368 2797 multa
1391 2713 1515 2798 contra
1534 2721 1627 2797 hanc
1643 2727 1923 2798 moderationem
1939 2729 2031 2800 dici:
2058 2727 2117 2797 sed
2136 2719 2226 2795 maius

206 2829 364 2916 familiis,
382 2851 472 2922 quae
485 2826 663 2897 aerumnis
679 2827 776 2896 exilii
789 2841 824 2898 ct
837 2829 929 2899 fame
944 2831 1206 2916 contabescunt,
1256 2829 1462 2899 scandalum
1479 2842 1569 2900 esset
1581 2831 1728 2900 vastatio
1745 2825 2005 2918 Ecclesiarum,
2030 2829 2142 2925 qualis
2154 2827 2187 2895 tit
2198 2821 2228 2889 iu

209 2927 359 3005 distrahi
372 2931 592 3014 voluntates,
614 2930 760 2999 accendi
774 2954 884 3000 novas
898 2932 1105 3019 discordias,
1131 2933 1205 3004 dis-
1256 2925 1403 3001 Suesia.
1453 2928 1494 3002 Si
1516 2926 1583 3002 hac
1602 2933 1846 3002 moderatione
1868 2934 2025 3004 obtineri
2049 2943 2174 3025 potest,
2194 2941 2230 2992 nt

210 3035 320 3128 sipari
346 3047 466 3104 coetus
490 3032 720 3116 discentium,
752 3031 815 3104 ubi
836 3058 904 3102 vox
926 3033 1107 3105 doctrinae
1122 3060 1205 3107 vera
1256 3046 1438 3104 mutentur
1451 3033 1612 3104 doctrina
1627 3047 1662 3104 et
1675 3033 1831 3123 liturgia,
1855 3059 1920 3106 nec
1934 3037 2114 3128 pellantur
2127 3031 2230 3102 Pasto-

175 3221 178 3228 ἱ
209 3138 386 3210 sonabat·
412 3132 517 3212 ¹Haec
531 3133 650 3202 omnia
666 3157 730 3224 per
744 3157 819 3203 sese
835 3149 918 3206 sunt
934 3135 1147 3224 tristissima,
1171 3152 1205 3210 et
1256 3158 1329 3224 res,
1354 3133 1485 3205 iniuste
1498 3129 1807 3226 reprehendimur.

210 3241 255 3310 ad
276 3251 435 3332 posteros
450 3229 641 3307 Ethnicam
663 3236 865 3305 barbariem
887 3250 921 3308 ct
937 3238 1204 3330 dissipationem
1357 3234 1399 3308 In
1416 3229 1586 3309 Francia
1602 3229 1766 3306 Marchio
1784 3227 1957 3306 Albcrlus
1975 3235 2158 3330 proposuit
2173 3231 2231 3300 lor·

209 3340 386 3412 infinitam
411 3337 582 3419 efficient,
606 3335 676 3404 nisi
692 3336 806 3408 Filius
818 3335 885 3408 Dei
908 3341 1033 3430 sedens
1054 3343 1108 3411 ad‘
1119 3344 1205 3411 dex·
1256 3363 1351 3409 mam
1371 3336 1662 3410 Ceremoniarum
1683 3339 1809 3424 talem,
1844 3361 1934 3432 quae
1955 3361 2032 3408 non
2057 3347 2170 3414 ,mutat
2189 3349 2231 3400 ret

208 3459 300 3515 tram
325 3441 459 3511 aeterni
483 3437 618 3524 Patris,
645 3451 761 3508 custos
776 3437 953 3510 Ecclesiae
974 3465 1075 3528 suae,
1100 3443 1206 3514 nobis
1257 3443 1480 3539 necessarias.
1533 3439 1588 3511 lbi
1602 3465 1681 3510 cum
1696 3438 1859 3511 Pastores
1876 3439 2101 3528 dubitarent,
2126 3461 2168 3508 an
2183 3433 2232 3502 de·

210 3567 313 3636 opem
329 3545 434 3626 leret,
459 3565 565 3634 quem
577 3539 722 3634 quidem
739 3553 873 3627 tecum,
893 3556 928 3612 ct
943 3567 1022 3614 cum
1037 3545 1205 3616 omnibus
1257 3545 1425 3614 serendae
1446 3542 1564 3634 potius
1588 3555 1704 3612 essent
1718 3539 1913 3622 Ecclesiae,
1940 3543 2130 3613 consilinm
2146 3533 2233 3609 dedi·
2302 3579 2303 3594 .

209 3647 279 3740 piis
293 3659 366 3716 toto
380 3657 521 3736 pectore
537 3666 619 3725 oro,
639 3655 681 3712 ut
696 3657 809 3714 servet
824 3643 898 3736 ipse
911 3639 1097 3732 Ecclesias‚
1123 3671 1205 3719 eum
1256 3670 1353 3730 mus,
1383 3646 1501 3736 potius
1521 3657 1563 3715 ut
1586 3644 1791 3715 servitutem
1811 3643 2022 3736 accipercnb
2073 3641 2155 3714 Tali
2169 3660 2234 3708 mo·
2302 3733 2303 3740 ἵ

209 3762 303 3819 recte
319 3749 543 3829 invocantes,
567 3755 601 3812 ct
615 3765 735 3814 earum
750 3739 914 3836 hospitia.
1257 3747 1440 3819 deratione
1467 3769 1530 3816 vos
1557 3769 1698 3841 quoquc
1719 3746 1837 3836 potius
1859 3747 1913 3817 uti
1938 3746 2113 3838 optarim,
2143 3759 2234 3836 quam
2302 3778 2303 3844 p

314 3846 423 3935 Quod
447 3869 531 3914 vero
556 3843 661 3913 etiam
685 3847 728 3915 de
745 3848 875 3916 nostris
890 3849 1205 3924 deliberationibus
1257 3849 1477 3920 occasionem
1509 3850 1677 3940 praebere
1701 3871 1846 3940 prorsus
1865 3845 2069 3940 expellendi
2089 3845 2234 3926 Pastores
2302 3883 2303 3900 .

211 3950 347 4043 aliquid
370 3945 561 4038 significari
584 3945 692 4036 petis,
724 3949 788 4020 etsi
809 3973 923 4020 unum
947 3955 1204 4024 estconsilium
1257 3947 1500 4030 erEcclesim,
1533 3963 1596 4021 aut
1610 3947 1795 4041 Principes
1818 3951 1912 4041 ipsos
1935 3973 2084 4020 onerare
2105 3941 2234 4018 maiori·

210 4049 461 4144 praecipuum,
499 4071 545 4116 ne
573 4049 770 4118 doctrinam
797 4053 1002 4132 coelestem,
1041 4069 1205 4148 quaeest
1256 4054 1323 4123 bus
1345 4053 1530 4145 periculis,
1559 4077 1714 4146 quorum
1737 4051 1842 4123 aetati
1863 4065 1897 4122 et
1921 4049 2121 4123 infirmitati
2143 4046 2234 4118 ctiam

210 4155 399 4223 immotum
420 4147 488 4219 Dei
514 4151 712 4234 decretum,
748 4165 942 4240 mutemus,
981 4169 1016 4226 et
1042 4159 1203 4230 divinum
1256 4157 1547 4246 parcendumcst.
1578 4151 1651 4224 Nec
1665 4155 1737 4238 illis
1752 4151 1968 4224 clamoribus
1981 4174 2139 4235 moveor,
2157 4149 2235 4216 facta

211 4253 384 4328 auxilium
405 4263 642 4343 expectemus,
675 4266 793 4323 tamen
814 4255 843 4323 si
865 4249 931 4325 hae
953 4257 1115 4328 miseriae
1135 4261 1203 4330 ali·
1256 4257 1501 4336 inclinatione,
1524 4269 1643 4347 postea
1658 4256 1830 4348 petituros
1844 4278 1919 4326 esse
1932 4254 2151 4326 adversarios
2163 4244 2236 4319 reli-

211 4379 281 4452 qua
304 4379 344 4426 cx
366 4355 465 4446 parte
485 4353 633 4424 consilio
656 4355 761 4424 leniri
783 4372 947 4448 possunt,
970 4361 1122 4452 optarim
1139 4385 1205 4432 nos
1257 4383 1406 4453 quarum
1423 4383 1542 4428 rerum
1558 4359 1803 4432 mutationem.
1853 4355 1959 4428 Nunc
1982 4353 2155 4426 confessio
2179 4371 2234 4417 no·
2304 4428 2305 4434 .

208 4479 281 4528 arna
305 4456 460 4550 colloqui
484 4479 594 4548 posse.
645 4455 735 4526 Nam
758 4453 843 4529 haec
864 4473 961 4531 tanta
984 4486 1103 4533 rerum
1127 4488 1204 4534 ma·
1257 4475 1327 4531 stra
1343 4463 1386 4530 de
1402 4462 1509 4530 rebus
1526 4459 1731 4530 necessariis
1747 4459 1902 4534 auditur.
1955 4457 1997 4528 ln
2020 4453 2087 4528 hac
2106 4457 2235 4528 iuvante

210 4561 360 4650 gnitudo
383 4579 457 4628 non
484 4570 598 4650 potest
620 4554 780 4650 Epistola
808 4558 1072 4654 comprehendi.
1132 4565 1204 4638 Sed
1256 4561 1351 4644 Deo,
1384 4575 1418 4634 et
1437 4574 1556 4653 postea
1580 4561 1813 4632 constantiam
1836 4559 2094 4651 praestabimus
2115 4581 2154 4626 eo
2173 4553 2236 4622 ala-

208 4677 249 4732 ut
265 4661 331 4730 tihi
346 4659 476 4752 petenti
492 4681 568 4729 mos
584 4675 742 4750 geratur,
768 4663 854 4756 quid
871 4660 961 4734 mihi
977 4679 1012 4737 et
1025 4667 1104 4736 aliis
1124 4669 1205 4761 qui·
1257 4665 1370 4752 erius,
1403 4663 1486 4758 qrria
1508 4663 1612 4733 nobis
1636 4663 1789 4733 obiicere
1813 4687 1886 4734 non
1908 4675 2098 4754 poterunt,
2123 4679 2184 4727 nos
2203 4651 2234 4719 in

208 4763 359 4832 busdam
383 4763 591 4832 docentibus
604 4759 779 4834 Ecclesiae
800 4766 839 4836 in
855 4761 921 4838 hac
936 4769 1065 4840 vicinia
1083 4770 1203 4842 videa·
1256 4768 1361 4839 rebus
1392 4765 1532 4859 parvis,
1567 4789 1641 4834 non
1674 4765 1895 4848 necessariis,
1934 4764 2130 4856 pertinaces
2163 4775 2235 4830 esst·

209 4878 287 4948 tur,
311 4863 475 4935 scribam·
1255 4867 1327 4941 Res
1345 4869 1508 4940 ostendet
1522 4889 1587 4936 nos
1603 4869 1647 4936 dc
1662 4869 1798 4958 magnis
1811 4866 1922 4938 causis
1938 4888 2108 4956 pugnare.
2137 4857 2236 4953 ἱἙστ-

311 4961 392 5032 Alia
416 4965 624 5038 deliberatio
646 4981 697 5041 est
720 4969 764 5040 de
778 4971 881 5044 nobis
898 4972 1064 5066 singulis,
1090 4976 1120 5044 si
1136 4999 1203 5045 no-
1256 4971 1355 5041 tassis
1377 4983 1411 5041 et
1434 4993 1553 5053 mora,
1586 4969 1672 5039 dum
1693 4963 1779 5038 baec
1804 4969 2049 5059 disputantur,
2082 4955 2235 5035 Ecclesiis

206 5081 280 5137 stro
303 5065 460 5158 periculo
477 5069 647 5140 confessio
661 5073 799 5144 edenda
816 5075 880 5160 sit,
905 5091 946 5146 nt
962 5076 1118 5147 fortassis
1133 5077 1202 5144 ali·
1255 5073 1429 5164 proderit:
1457 5071 1527 5141 Sed
1544 5070 1681 5139 etiamsi
1692 5093 1791 5140 mora
1810 5093 1883 5140 non
1901 5083 1952 5140 est
1967 5069 2168 5160 profutura,
2192 5075 2236 5128 ta-

205 5181 339 5262 quauto
355 5180 436 5260 post
451 5167 634 5262 inquisitio
649 5174 688 5242 in
704 5175 861 5265 singulos
878 5177 1094 5250 instituetur.
1132 5173 1202 5246 Hic
1256 5199 1335 5244 men
1358 5169 1445 5243 haec
1466 5172 1661 5243 consolatio
1686 5196 1761 5241 non
1782 5169 1921 5242 inutilis
1947 5185 2018 5256 est,
2044 5169 2139 5263 quod
2155 5177 2235 5233 tam-

204 5270 401 5362 optandum
425 5283 493 5356 cst,
518 5285 559 5342 ut
583 5277 712 5345 eruditi
731 5278 931 5348 testimonia
947 5279 1130 5350 doctrinae
1144 5302 1201 5348 re·
1253 5278 1316 5346 diu
1332 5275 1482 5345 infirmis
1499 5275 1734 5368 pepercimus,
1761 5287 1795 5344 et
1810 5275 1904 5366 quod
1921 5297 1995 5344 non
2009 5271 2127 5362 statim
2141 5261 2232 5375 initiq

202 5373 370 5466 linquant
388 5371 494 5464 plana
510 5378 761 5470 etperspicua,
794 5379 833 5448 in
849 5379 1016 5453 omnibus
1032 5379 1201 5466 articulis,
1254 5379 1480 5449 solitudinem
1503 5378 1540 5448 in
1566 5373 1734 5446 Ecclesiis
1754 5375 1919 5454 fecimus,
1954 5396 2045 5470 qnae
2070 5371 2180 5450 fieret,
2208 5383 2233 5430 ⁸¹

203 5489 237 5546 et
257 5499 332 5545 non
355 5475 563 5566 frangantur
578 5492 675 5550 metu
694 5481 961 5576 suppliciorum.
1014 5479 1097 5556 Alia
1114 5505 1199 5554 vero
1253 5481 1354 5552 nulla
1375 5482 1412 5550 in
1440 5479 1703 5572 repetentibus
1725 5481 1936 5550 cederemus.
1993 5471 2044 5546 Et
2066 5469 2150 5544 haec
2168 5469 2232 5558 ipsa
