4680 6220
89 343 144 420 tta
379 321 385 334 ’
672 319 1108 408 EPISTOLARUM
1159 321 1266 401 LIB.
1289 319 1354 399 Xl.
1410 319 1553 398 tete.

88 511 269 593 tutata.
921 515 953 580 a.
980 505 1054 573 Ort.
1334 489 1601 593 Philippus
1634 486 1923 570 Melanthea

92 613 285 648 Μ
899 593 1072 627 Μ
1487 621 1781 726 (Auditarihus).

349 701 501 790 louet.
529 700 809 792 Camerario.
1370 778 1380 798 .
1748 777 1758 795 .
2078 775 2085 795 .

1129 767 1243 868 Cras,
1267 777 1344 851 Deo
1368 789 1530 864 mvante,
1556 773 1645 848 hora
1669 791 1818 870 septima
1841 779 2014 849 enarrabo
2035 770 2128 848 Pen-

143 877 224 950 Μ·
238 876 276 931 ³⁶¹
292 874 404 930 &³¹²¹-
421 889 450 948 Ρ·
463 873 515 928 ⁶⁰⁸
533 871 697 945 (‘⁶·1·⁰¹¹‘¹·
719 873 767 930 ¹⁵¹³·
780 871 829 930 W·
848 891 890 948 εΡ·
901 873 988 944 ⁷4⁸·l·
1127 877 1320 976 darum').
1351 881 1422 954 Sed
1438 882 1495 952 die
1511 877 1641 952 Martis
1660 875 1748 950 hora
1765 881 1912 972 septima
1929 882 2126 952 orationem

1125 979 1391 1058 Demosthenis
1411 979 1495 1080 napi
1509 975 1698 1079 στεφάνου
1714 983 1994 1075 interpretabor,
2020 1007 2126 1078 quant

1126 1115 1199 1162 non
1225 1089 1340 1160 solum
1370 1102 1516 1180 propter
1540 1109 1682 1178 graecae
1707 1086 1849 1174 linguae
1875 1087 2127 1178 cognitionem,

1127 1191 1319 1264 sedetiam
1349 1205 1535 1282 propterea
1568 1191 1713 1280 prodest
1742 1189 1968 1258 familiariter
2001 1203 2124 1258 notam

1127 1321 1200 1366 esse
1224 1293 1409 1376 studiosis,
1434 1291 1516 1386 quia
1538 1290 1623 1358 inde
1645 1292 1760 1360 forma
1782 1292 1853 1382 peti
1879 1306 2011 1382 potest,
2035 1315 2126 1386 quae

86 1379 127 1466 S.
142 1392 189 1466 D.
231 1390 420 1480 Quaedam
435 1389 643 1484 praecipuae
661 1392 836 1464 foeminae
852 1408 988 1466 secutae
1005 1393 1080 1468 Re·
1126 1401 1165 1470 in
1183 1397 1430 1488 respondendo
1449 1407 1483 1463 ct
1498 1395 1690 1466 refutando
1710 1394 1862 1462 maxime
1879 1395 1978 1463 utilis
1995 1407 2066 1479 est,
2092 1407 2127 1464 et

86 1501 195 1588 ginam
212 1490 431 1579 Danieam,
457 1488 514 1562 hic
529 1493 695 1564 dixerunt
711 1517 747 1562 se
763 1495 932 1568 libentius
949 1499 1080 1568 Domi·
1127 1502 1262 1572 lumina
1280 1495 1386 1568 habet
1402 1495 1572 1566 orationis
1589 1495 1755 1585 plurima,
1778 1509 1818 1568 ut
1835 1496 1949 1566 dicam
1967 1497 2005 1565 in
2022 1519 2126 1566 enar-

88 1623 157 1668 nam
180 1597 371 1668 comitatae
388 1615 478 1681 esse,
504 1609 544 1666 ut
559 1597 722 1667 viderent
742 1593 870 1668 harum
892 1599 1078 1690 regionum
1127 1604 1279 1676 ratione.
1331 1599 1368 1674 8.
1382 1594 1530 1670 Octobr.
1547 1593 1692 1691 (1548.)

86 1697 268 1772 Ecclesias.
302 1689 451 1768 Petrum
468 1691 693 1767 Suaveniam
708 1699 822 1770 miror
838 1725 918 1772 cum
935 1704 1079 1796 quidem
1715 1727 1877 1826 Philipp..
1899 1731 2077 1811 Melamh·

88 1827 137 1874 rex
152 1801 276 1884 vellet,
302 1797 459 1868 noluisse
475 1801 520 1867 ad
535 1821 601 1870 nos
616 1802 790 1888 accedere,
814 1825 896 1872 eum
910 1817 982 1874 tam
997 1803 1080 1876 dul-

88 1905 130 1976 cis
142 1904 172 1973 ei
189 1901 417 1982 familiaritas
433 1923 513 1972 cum
531 1889 730 1995 Cracigero
744 1917 779 1974 et
793 1897 947 1976 Pastore
962 1897 1081 1992 luerit,

89 2021 123 2076 ut
144 2008 187 2074 de
215 2029 278 2074 me
303 2025 380 2074 non
405 2003 534 2074 dicam.
593 2003 667 2076 Nec
690 2005 825 2078 litteras
850 2007 959 2080 misit.
1009 2007 1079 2082 Sed

87 2109 248 2178 mandata
286 2105 387 2175 dedit
425 2102 586 2192 Medico,
627 2107 705 2176 viro
744 2109 868 2196 docto,
907 2110 1079 2181 insuavia.
1141 2147 1194 2222 No
1222 2143 1323 2220 4532
1969 2161 1990 2222 9
2026 2153 2089 2219 Ort

88 2211 241 2282 amente
261 2208 364 2300 ῥῆσις
380 2218 475 2293 erat,
499 2210 543 2277 de
560 2208 612 2278 ira
630 2221 665 2278 et
680 2209 943 2301 indignatione,
966 2227 999 2284 et
1012 2213 1081 2282 mi·
1133 2201 1347 2284 u'vsss
1947 2201 2122 2276 (ον-’ν

89 2313 136 2382 nis
155 2316 228 2386 τοῦ
247 2305 450 2405 βασιλέως,
477 2298 522 2380 οὗ
544 2315 617 2384 νῦν
639 2303 774 2406 κράτος
795 2308 872 2385 ἐστὶ
891 2309 1081 2414 μέγιστον.
1365 2345 1484 2434 Geor
1522 2349 1567 2432 io
1597 2345 1667 2432 Pr
1711 2299 1892 2438 Ama

91 2413 150 2484 Sed
167 2427 203 2483 et
217 2409 400 2482 Ecclesiae
417 2411 574 2500 pericula
588 2426 623 2482 et
639 2428 776 2501 nostra,
801 2427 836 2486 et
856 2417 943 2486 tales
959 2417 1082 2487 amici·
1392 2439 1394 2442 ·
1484 2374 1519 2458 g
1669 2407 1679 2428 ⁰
1892 2410 1903 2433 ·

90 2514 239 2586 tiasDeo
263 2512 489 2585 commendo,
538 2511 616 2585 Rex
631 2511 807 2587 Danicus
826 2519 979 2608 graviter
995 2519 1083 2589 scri.
1200 2515 1279 2573 Edita
1303 2537 1333 2571 ex
1358 2502 1526 2656 autographo
1550 2515 1579 2570 in
1603 2515 1672 2572 Tae.
1690 2513 1800 2571 Aobrlt.
1822 2517 1965 2600 auclariss.
1983 2521 2129 2578 Lindaero

94 2619 166 2710 psit,
182 2641 220 2688 se
239 2637 318 2685 non
333 2614 560 2684 turbaturum
576 2639 649 2686 esse
665 2618 807 2708 piorum
823 2613 1084 2692 invocationem
1235 2587 1755 2728 pumnspeppppgpbgffittgappt
1767 2587 2055 2728 adientiisdimm'
2078 2605 2129 2652 Νη

99 2713 151 2786 bis
166 2715 444 2798 mutationibus,
469 2739 559 2808 quae
583 2742 648 2789 nec
669 2721 715 2790 ad
739 2721 927 2816 pietatem,
953 2747 1019 2794 nec
1040 2723 1085 2794 ad
1190 2768 1200 2818 ἰ
1651 2721 1653 2726 ’

108 2819 335 2890 bonosmores
351 2829 514 2910 prosunt.
1132 2809 1389 2888 Reverendiss.
1417 2823 1449 2884 et
1479 2810 1672 2890 illustriss.
1697 2812 1863 2912 principi
1887 2839 1933 2888 aa
1951 2811 2131 2906 Domino,

1134 2917 1302 2989 Domino
1319 2913 1472 3012 Georg
1483 2915 1546 3002 io,
1568 2916 1732 3016 principi
1746 2917 1786 2987 in
1801 2911 1948 2990 Antatt
1969 2927 2000 2990 et
2014 2917 2132 2991 Asca-

188 3004 335 3078 Funera
349 3003 423 3075 duo
437 3003 543 3076 nobis
558 3021 638 3097 post
651 3007 817 3092 reditum,
837 3033 1005 3102 magnum
1021 3012 1087 3081 do-
1135 3020 1202 3092 nio
1224 3045 1268 3092 aa
1290 3015 1500 3091 coadiutori
1521 3017 1742 3096 Ecclesiast.
1771 3029 1802 3091 et
1824 3019 2069 3116 gubernatori
2091 3024 2131 3094 in

95 3109 197 3180 torem
226 3109 445 3192 attulerunt,
470 3104 613 3178 Coniux
638 3105 800 3182 Erasmi
821 3108 1087 3196 Salveldensis,
1249 3119 1451 3218 Mersburg
1461 3119 1514 3192 D.
1530 3119 1702 3196 Domino
1716 3147 1785 3194 sno
1802 3123 2018 3204 elementiss,

95 3225 125 3282 et
149 3211 283 3282 coniux
305 3199 718 3283 Frontettt'entnctae
743 3211 876 3310 sunt')
904 3217 943 3285 in
973 3230 1088 3307 partu,

94 3337 171 3383 eom
201 3313 352 3407 quidem
383 3303 624 3400 Froseltelia,
665 3339 754 3408 quae
790 3318 889 3412 prior
924 3318 1088 3404 decessit,

91 3415 276 3509 utriusque
303 3423 456 3483 mortem
481 3409 523 3484 ἐν
543 3409 676 3511 ὀνείρῳ
699 3418 861 3503 vidisset,
888 3422 985 3515 quod
1008 3435 1089 3491 ante

92 3541 250 3588 mensem
276 3510 369 3584 mihi
394 3507 637 3586 Frosehettus
662 3523 839 3602 narravit,
874 3547 955 3593 cum
989 3537 1090 3594 utra-

94 3642 162 3712 que
176 3619 313 3688 viveret
335 3629 370 3688 et
390 3629 483 3687 recte
502 3619 646 3690 valeret.
690 3619 885 3698 Honestiss.
902 3626 1088 3716 coniugem

92 1031 306 1109 Clarissimo
329 1030 407 1106 viro
431 1027 633 1104 eruditione
654 1040 687 1103 et
719 1031 848 1106 virtute
869 1031 1082 1132 praestanti

88 1132 326 1210 lonchimo
361 1124 643 1206 Camerario
676 1129 833 1233 Paberg.
867 1133 988 1232 fratri
1010 1159 1080 1208 suo

198 1249 219 1284 Χ
479 1235 686 1326 carissimo,

1135 3263 1186 3350 S.
1212 3273 1259 3350 D.
1310 3271 1619 3346 Reverendissime
1641 3287 1677 3344 et
1697 3274 1937 3346 illustrissime
1957 3276 2133 3368 princeps.

1137 3379 1243 3450 Mitto
1259 3375 1616 3448 Celsitudinivcstrae
1631 3377 1829 3448 orationem
1844 3378 1987 3446 brevem
2001 3375 2046 3472 ¹),
2070 3379 2132 3447 sed

1136 3499 1255 3555 tamen
1289 3501 1379 3573 quae
1413 3477 1674 3548 consolationes
1708 3492 1742 3548 et
1777 3479 2135 3549 commonefactioucs

1137 3609 1211 3656 non
1226 3580 1490 3673 intempestivas
1510 3581 1679 3652 continet.
1730 3578 1843 3672 Spero
1860 3581 1966 3650 etiam
1981 3579 2136 3652 Celsitu-

94 3733 191 3790 tuam
203 3734 240 3791 et
254 3733 368 3790 totam
384 3718 555 3788 familiam
570 3733 685 3806 guam,
706 3739 740 3796 et
753 3739 787 3796 te
801 3739 842 3798 u,
854 3739 969 3798 ,emt
982 3727 1089 3812 Deus,
1136 3688 1215 3760 dini
1236 3681 1712 3802 vestraeeonsiderationem
1731 3678 1859 3752 harum
1879 3683 2135 3790 sententiarum

94 3835 171 3892 1010
201 3847 285 3892 eum
314 3832 455 3912 pectore
489 3846 564 3892 010,
626 3819 725 3894 Bene
758 3842 792 3900 et
822 3829 973 3900 feliciter
1000 3829 1090 3914 vale,
1137 3811 1223 3884 quas
1240 3788 1534 3875 recitavtgratam
1553 3785 1639 3857 lore.
1692 3782 1812 3873 Queso
1829 3799 1966 3870 autem,
1993 3801 2033 3856 ut
2052 3787 2136 3858 Cel-

96 3919 196 3998 Vltl,
229 3921 361 3996 octob,
421 3915 581 3992 Rhctiw
613 3921 776 3998 exhibeto
807 3929 962 4017 linem,
1003 3953 1091 4024 qu„
1137 3881 1496 3964 situdovestramihi
1518 3885 1706 4004 significet,
1732 3911 1778 3955 an
1795 3889 2136 4008 pagellasorationis

1138 3997 1261 4064 missas
1281 4016 1344 4084 per
1366 3985 1464 4061 hunc
1488 4003 1649 4059 nostrum
1675 4011 1788 4058 ervem
1808 4005 1992 4082 acceperat.
2045 3990 2136 4060 lussr

1138 4095 1231 4167 Cels.
1243 4094 1285 4164 V.
1301 4093 1403 4188 queri
1416 4094 1454 4160 in
1467 4091 1600 4183 oppido
1610 4089 1729 4181 Torga
1738 4087 1780 4187 ²),
1805 4107 1838 4163 et
1853 4094 2005 4198 sequi-in
2020 4092 2138 4164 Mers.

1142 4204 1230 4290 burg
1252 4198 1283 4266 si
1297 4197 1391 4268 Cels.
1403 4193 1449 4270 V.
1471 4194 1542 4262 iam
1567 4194 1780 4263 discessisset
1804 4219 1844 4286 ex
1859 4193 1989 4283 'l'orga
2040 4193 2137 4264 Bene

1140 4319 1174 4376 et
1188 4298 1360 4373 foeliciter
1377 4297 1492 4368 valeat
1504 4293 1595 4368 Cels.
1606 4294 1650 4366 V.
1686 4296 1743 4364 dic
1758 4295 1793 4367 9.
1804 4294 1985 4372 Octobris.

1518 4395 1610 4505 Ceti.
1628 4425 1672 4499 V.

103 4577 1093 4610 -—--——-—-—------......
1368 4625 1372 4632 ,
1777 4551 1938 4622 addictus

95 4025 211 4099 mitto.
272 4018 419 4093 Paulus
446 4026 579 4117 accepit
605 4027 732 4117 viginti
761 4026 995 4104 loachimicos
1026 4057 1089 4124 pro

91 4125 214 4209 libris,
245 4149 335 4220 quos
368 4125 482 4211 misit,
515 4141 548 4198 et
574 4127 641 4198 tibi
671 4143 706 4200 et
734 4133 805 4202 tuis
830 4134 943 4205 fausta
969 4137 1089 4206 omnia

95 4241 269 4318 precatur.

841 4346 1042 4448 Philippus.

1654 4679 1843 4779 Philippus
1865 4679 2089 4762 Melanthon.

109 4843 280 4874 .,.,
958 4735 1369 4886 ceu-*-

442 4941 745 5034 Scholasticis.
1178 4933 1469 5078 *ttttt‘tttt
1480 4933 1655 5075 iliofiii
1672 4941 1920 5056 {tibitibi
1938 4931 2148 5058 tutat*

170 5131 720 5212 &fipupu51·wpmb·p1·p·223·
1181 5103 1659 5236 1)di·'irgeap·tu6etgu;'e'promiserat
1682 5101 1711 5154 in
1737 5119 1778 5172 ep.
1804 5101 1835 5184 ad
1855 5097 2006 5172 Georgium
2032 5101 2141 5159 Antratt.
2157 5087 2171 5104 ⁸

102 5317 310 5332 -.-..
875 5269 878 5275 ·
1033 5309 1038 5326 .
1182 5279 1215 5352 e)
1233 5277 1295 5334 vu.
1314 5275 1391 5350 epu.
1409 5276 1443 5334 aa
1463 5275 1567 5348 0:013.
1584 5269 1693 5330 attan.
1714 5270 1741 5326 a.
1760 5271 1785 5328 a
1806 5268 1847 5325 ta.
1866 5268 1931 5325 ou.
1950 5269 1976 5324 t.
1996 5289 2019 5328 ι.
2045 5241 2050 5252 ’

14 5427 15 5430 ‘
135 5455 269 5584 oppa.
293 5454 377 5510 tenu.
401 5451 506 5510 tutum
527 5461 567 5508 aa
590 5453 617 5514 a.
635 5453 679 5512 so.
698 5439 792 5528 satu,
804 5471 808 5478 ·
821 5454 892 5514 tutu
910 5457 938 5518 a.
955 5457 982 5516 a.
998 5457 1098 5519 oens.

1410 5589 1487 5670 tt·
