4624 6216
52 319 129 390 817
629 311 1061 394 EPISTULARUM
1113 309 1222 392 ΗΒ.
1250 310 1336 390 Xll.
1390 309 1522 390 1⁵51.
2016 325 2092 403 818

50 487 160 582 plecti
181 501 216 558 rt
236 489 426 560 emundata
449 487 626 576 tabulam,
652 513 732 560 cum
750 489 800 562 ait
814 483 908 580 μετὰ
923 479 1046 580 ἰσότη-
1096 495 1254 554 servatus
1277 483 1316 554 in
1340 483 1459 578 priore
1479 486 1592 574 bello,
1616 513 1697 562 cum
1719 492 1764 563 ab
1778 489 1947 585 Hisponis
1964 499 2091 569 vulne-

50 613 127 670 τος.
178 589 234 661 Sit
250 605 366 660 autem
383 593 545 660 ordinata
561 591 763 684 aequalitas.
814 591 904 660 Nam
921 583 1046 658 haere·
1098 599 1195 656 ratus
1212 600 1311 658 esset.
1361 583 1467 658 Hunc
1484 590 1588 660 nobis
1606 591 1675 664 iam
1692 593 1782 666 illud
1797 593 2091 691 Meideburgense

51 693 117 762 tici
134 705 215 762 sunt
229 693 327 762 abusi
348 687 413 761 bac
432 691 655 773 defiuitione,
680 692 769 762 sicut
784 689 1047 782 Anabaptistae,
1098 687 1300 775 contagium
1319 688 1474 763 abstulit.

52 817 135 862 cum
176 793 310 862 faciunt
351 793 570 862 barbaricam
607 785 777 886 fodcqcu,
828 793 1046 862 facultatum.
1200 787 1378 877 Legerunt
1396 794 1742 886 nostrumscriptum
1757 795 2092 893 Synodoexhibon.

54 893 298 982 Agnoscamus
318 908 476 964 nostram
499 893 761 978 infirmitatem,
786 907 820 964 et
844 907 962 964 tamen
982 891 1046 960 tri·
1099 888 1203 974 dum,
1229 890 1259 958 si
1283 889 1328 960 ita
1344 913 1400 959 res
1417 894 1633 982 postulatura
1650 911 1755 978 esset,
1782 902 1886 972 multi
1902 905 1994 975 docti
2012 907 2092 990 viri,

53 998 207 1064 iuramus
228 995 354 1088 urique
377 988 645 1066 convenientem
669 995 784 1065 locum
810 995 848 1064 in
872 997 1047 1085 guberna·
1099 987 1339 1062 Concionator
1354 983 1599 1078 Lubscenrr's,
1625 997 1680 1067 vir
1694 1000 1795 1068 valde
1812 1001 2032 1092 ingeniosus,
2057 1021 2093 1078 et

52 1097 164 1168 tione.
229 1091 278 1166 Et
303 1097 538 1166 concordibus
558 1095 686 1164 animis
708 1095 903 1166 serviamus
925 1093 1048 1166 Eccle-
1100 1091 1180 1174 alii,
1212 1093 1274 1184 qui
1298 1092 1453 1162 iudicare
1479 1111 1645 1186 possunt,
1674 1123 1694 1168 a
1719 1101 1848 1194 quibus
1870 1117 1904 1174 et
1922 1107 2093 1198 scriptum

51 1198 139 1268 siae.
188 1193 299 1286 Diligi
321 1221 416 1266 mea
439 1209 472 1265 te
492 1199 647 1285 gaudeo,
672 1210 707 1267 et
730 1211 854 1289 expeto
871 1199 1047 1266 bonorum
1101 1192 1216 1284 ipsum
1234 1205 1268 1264 et
1284 1195 1473 1266 consilium
1486 1191 1754 1286 comprobatur,
1774 1207 1868 1296 quod
1884 1199 2014 1276 babere
2030 1231 2094 1297 pa-

53 1299 251 1382 amicitias,
287 1321 377 1392 quae
408 1293 575 1367 nonnihil
603 1297 735 1368 laboris
762 1293 854 1368 mibi
875 1298 1049 1368 adferunt.
1100 1305 1212 1364 ratam
1234 1295 1419 1364 materiam
1442 1320 1460 1366 a
1487 1299 1609 1368 multis
1630 1299 1839 1393 inspectam,
1873 1319 1953 1376 ante
1976 1306 2094 1400 Syno-

54 1397 129 1470 Sed
146 1413 267 1488 expeto
284 1412 426 1492 propter
441 1393 616 1468 Ecclesiae
632 1401 867 1472 concordiam.
918 1395 1050 1469 Sicine
1101 1395 1187 1464 diam
1203 1395 1377 1466 volumus.
1429 1395 1597 1470 Nondum
1612 1401 1740 1471 edituri
1755 1425 1894 1490 somus,
1919 1409 1977 1476 sed
1995 1409 2095 1498 prius

53 1525 76 1568 a
102 1515 135 1572 te
158 1499 257 1589 diligi
280 1500 381 1583 volo,
405 1523 480 1568 non
497 1512 536 1568 ut
554 1500 789 1589 superiorem,
814 1493 906 1571 cilici
928 1493 1050 1592 ὥσπερ
1102 1495 1207 1565 etiarn
1240 1489 1396 1565 Brentr'o
1434 1499 1583 1574 mittam.
1653 1501 1743 1572 Nam
1777 1499 1954 1575 Brentius
1989 1510 2094 1578 etiam

53 1602 153 1674 faor.
213 1597 375 1690 Agnosco
401 1623 514 1668 meam
542 1601 840 1681 imbecillitatem,
873 1604 931 1670 sed
951 1621 1051 1668 mens
1102 1595 1243 1687 scripsit
1264 1597 1417 1666 similem
1440 1601 1715 1688 confessionem,
1740 1605 2095 1697 cuiArgentorateu-

55 1703 186 1774 similis
212 1715 263 1772 est
287 1715 386 1785 tuae,
426 1703 529 1790 cupio
553 1701 703 1770 fideliter
723 1701 854 1772 servire
876 1698 1052 1770 Ecclesiae
1104 1718 1157 1768 ses
1178 1699 1472 1789 subscripserunt.
1534 1700 1670 1772 Vellem
1692 1721 1807 1776 autem
1830 1711 2097 1781 communicatis

55 1805 144 1877 Dei.
194 1800 242 1876 Et
257 1803 438 1892 negotium
451 1799 489 1898 f)
503 1817 638 1871 vestrae
653 1803 805 1873 civitatis
821 1804 952 1872 curabo
969 1799 1053 1869 dili·
1105 1800 1285 1870 sententiis
1314 1823 1423 1872 unam
1447 1824 1520 1870 esse
1543 1815 1743 1876 nostrarum
1770 1805 2008 1881 Ecclesiarum
2030 1837 2097 1881 vo-

57 1919 199 1996 genter‚
233 1917 268 1974 et
296 1903 396 1974 vobis
426 1903 631 1987 rescribam,
666 1903 751 1995 quid
782 1903 1053 1974 obtinuerimus.
1106 1921 1193 1970 cem.
1251 1897 1325 1969 lam
1349 1915 1493 1974 vocatus
1516 1925 1593 1972 sum
1616 1899 1825 1994 Drcsdam,
1858 1913 1920 1980 sed
1941 1913 2098 1982 fortassis

57 2009 212 2080 Senatus
234 2003 471 2075 Zerrestensis
494 2003 611 2074 virum
631 2004 739 2074 talem
759 2005 912 2076 retinere
933 2005 1054 2074 stude-
1106 2001 1314 2072 deliberatio
1331 2003 1397 2072 erit
1411 2004 1455 2072 de
1472 2007 1640 2075 mandato
1659 2003 1908 2099 Imperatorio,
1932 2003 2036 2104 quale
2053 2015 2098 2082 ad

57 2109 136 2192 bit,
166 2108 227 2175 sed
250 2091 368 2176 tamen
387 2107 477 2178 alius
490 2105 639 2176 inferior
653 2105 719 2174 isto
737 2105 867 2200 poterit
883 2105 1056 2175 sustinere
1107 2123 1170 2170 vos
1192 2104 1432 2176 missumfuit.
1486 2103 1571 2174 Vidi
1587 2107 1684 2178 aliud
1702 2111 1848 2182 missum
1867 2115 1912 2183 ad
1929 2105 2099 2183 Galaba-

55 2207 213 2284 Diaconi
234 2231 374 2276 munus.
424 2205 505 2296 Qua
522 2207 565 2280 de
582 2229 620 2274 re
635 2229 714 2274 cum
729 2207 814 2297 ipsis
828 2205 1055 2296 Principibus
1106 2223 1189 2272 sen:
1210 2203 1302 2288 scio,
1328 2217 1363 2274 et
1381 2199 1631 2300 Noridergom
1651 2232 1723 2280 esse
1737 2213 1902 2284 missum:
1931 2217 1990 2284 sed
2011 2215 2100 2308 quid

53 2311 237 2399 agendum
260 2323 329 2388 ost,
356 2307 416 2402 qui
438 2321 720 2376 nuncnonsnut
739 2307 850 2377 domi.
901 2305 985 2376 Ideo
1003 2305 1056 2375 fui
1108 2303 1259 2374 Senatus
1292 2309 1531 2396 responderit,
1569 2311 1731 2380 nondum
1761 2313 1846 2388 scio.
1909 2311 2100 2408 Exemplar

59 2433 188 2482 suasor
201 2421 316 2478 vestro
331 2409 475 2492 nuncio,
492 2421 532 2480 ut
548 2423 638 2478 recta
654 2410 698 2476 ad
714 2433 777 2480 vos
792 2408 932 2480 rediret.
958 2405 1056 2476 Bene
1109 2401 1201 2474 Aula
1225 2407 1387 2476 noudum
1409 2407 1523 2480 voluit
1542 2411 1677 2500 spargi,
1702 2437 1767 2482 ner
1789 2409 1903 2486 babeo
1925 2419 2101 2510 descripta

58 2513 157 2586 valet
201 2510 273 2580 Die
289 2509 324 2584 A.
341 2508 505 2600 Augusti.
1109 2505 1279 2596 exempla.
1330 2505 1370 2577 Si
1393 2511 1489 2600 quod
1513 2512 1674 2602 pervenit
1694 2509 1919 2602 Exfordiam,
1951 2543 2024 2588 non
2049 2531 2101 2588 est

577 2607 765 2702 Philippus
783 2605 1008 2682 Melanthon.
1112 2607 1148 2676 in
1169 2607 1257 2674 meis
1281 2609 1448 2691 aedibus,
1480 2623 1563 2694 aut,
1594 2637 1651 2682 me
1671 2613 1823 2700 sciente,
1857 2618 1947 2688 facta
1969 2621 2101 2689 descri-

169 2775 434 2850 Reverendusd
463 2772 589 2845 Pastor
603 2769 781 2844 Ecclesiae
799 2789 939 2846 nostrae
984 2771 1059 2844 Do·
1111 2701 1259 2825 μῆρ’»
1298 2731 1502 2801 quanquam
1533 2714 1768 2830 egi-‘lumem
1795 2741 1993 2836 ’.ῙΨΨΒ
2014 2721 2103 2806 f²‘⁰‘

439 2828 448 2848 ⁰
949 2829 960 2859 ’
1113 2811 1181 2897 legr
1204 2831 1300 2879 nunc
1325 2833 1466 2903 quoque
1488 2811 1533 2880 ab
1547 2814 1625 2882 alus
1639 2807 1730 2884 banc
1744 2832 1984 2890 recitationem
2002 2845 2104 2912 prae-

61 2873 402 2963 ctorPomeranus,
429 2888 637 2968 properante
655 2875 856 2962 tabellario,
883 2901 962 2946 cum
982 2889 1060 2946 tuas
1112 2910 1234 3000 cipum
1258 2911 1440 2983 docqrinae
1464 2907 1739 2986 Ecclesiastqcae·
1787 2915 1837 2988 E,
1861 2919 1999 3002 iudico,
2028 2923 2104 2992 fo„

61 2985 188 3055 ,ἥρω’
210 2979 364 3068 l‘glffi’
389 2977 509 3058 Μὴ
535 3001 591 3046 me
613 2999 677 3046 ⁸¹¹⁰
700 2977 963 3095 ¹¹⁰mi¹¹⁰f⁰bl⁵
980 3000 1060 3066 Ple·
1115 3034 1208 3080 mam
1217 3009 1562 3084 Confessionisrecte
1578 3014 1775 3087 institutam
1791 3043 1875 3089 esse.
1901 3021 1971 3092 Sed
1986 3021 2104 3094 liben-

59 3083 140 3156 cari
162 3081 328 3165 salutem,
362 3093 395 3149 et
417 3080 612 3149 mecumad
630 3073 839 3166 Zervcstom
856 3102 929 3170 rpse
945 3079 1061 3168 profe-

60 3201 188 3256 cturus
209 3196 279 3264 est,
312 3195 352 3251 ut
375 3203 493 3248 coram
515 3203 594 3248 cum
612 3171 786 3249 Iohanne
800 3177 959 3249 Diacono
981 3201 1062 3268 aga-

60 3309 159 3359 mus.
210 3281 342 3352 lterum
360 3283 446 3353 vale.

1115 3125 1169 3181 ter
1185 3112 1311 3181 vellem
1328 3136 1408 3182 curn
1425 3113 1589 3204 pluribus
1606 3118 1753 3188 eruditis
1770 3121 1936 3214 colloqui.
1988 3119 2048 3208 Et,
2074 3125 2106 3194 si

1115 3213 1184 3284 erit
1207 3213 1391 3306 Synodus,
1425 3215 1564 3309 aliquos
1593 3241 1633 3286 ex
1661 3220 1793 3290 nostris
1821 3224 1920 3313 prius
1949 3223 2105 3318 colloqui

1116 3315 1312 3406 oportebit,
1351 3337 1457 3406 quam
1478 3312 1687 3388 exhibeatur
1706 3317 1901 3394 Confessio.
1960 3322 2106 3396 Mittam

1117 3415 1218 3488 vobis
1239 3415 1437 3506 exemplum
1460 3418 1572 3487 nostri
1587 3419 1726 3510 scripti,
1752 3423 2015 3514 quamprimum
2030 3405 2107 3494 fieri

1118 3516 1256 3608 poterit.
1287 3513 1342 3586 De
1357 3517 1460 3586 bellis
1475 3516 1606 3589 Italicis
1620 3544 1692 3590 non
1709 3521 1795 3594 libet
1809 3525 1973 3594 scribere.
2005 3525 2108 3597 Clas-

1117 3617 1164 3686 sis
1179 3609 1338 3686 Tunica
1351 3618 1550 3712 propinqua
1567 3633 1618 3690 est
1633 3619 1766 3697 ltaliae.
1818 3619 1896 3696 Oro
1910 3639 2027 3696 autem
2045 3626 2109 3698 Fi-

66 3737 139 3810 No.
159 3731 272 3808 4936.
507 3801 516 3816 ,
920 3733 1051 3818 Mag,
1118 3717 1317 3886 liumfiDei,
1356 3717 1551 3840 Dominum
1585 3734 1747 3793 nostrum
1773 3721 1889 3796 lesum
1914 3722 2109 3812 Christum,

355 3919 425 4006 M,
455 3917 789 4030 M„·„1,„g.·.,
1118 3842 1322 4008 iiiiii
1337 3823 1561 3993 1ἱῖιὲῗὲἱὶ
1577 3825 2111 4022 {sst‘ttsslssttlfillglflt

142 4087 219 4160 393„
246 4083 283 4138 tit
308 4079 343 4134 v·
361 4079 524 4153 ww·
558 4077 611 4134 Βία
627 4095 659 4132 er
676 4079 844 4152 autognpta
860 4080 1067 4139 mmm·
1119 4043 1181 4092 vos
1201 4035 1236 4092 et
1257 4033 1390 4138 vestros
1414 4038 1528 4094 servet
1544 4025 1749 4142 incolumes.
1799 4027 1895 4100 Bene
1911 4043 1945 4144 et
1960 4030 2110 4101 feliciter

176 4125 270 4226 bedf„
286 4119 363 4224 ltuod
375 4149 455 4204 nobis
469 4145 610 4220 descripsit
624 4148 666 4205 ΕΙ.
680 4149 843 4206 fiannrrur.
1118 4121 1241 4197 valete.
1292 4119 1360 4192 Dte
1375 4117 1411 4196 5.
1423 4120 1573 4217 Auguslt
1592 4122 1701 4201 1551.

1630 4223 1819 4321 Philippus
1836 4225 2060 4304 Melanthon.

811 3374 1013 3474 Philippus.

84 3585 1058 3610 *mm—*m

69 4305 300 4388 Clarissimo
315 4305 409 4392 uiro,
439 4297 639 4402 prudentia
657 4313 689 4374 et
709 4301 837 4376 virtute
849 4307 1068 4405 praestanti,

69 4415 131 4492 D.
156 4405 400 4486 Michaett
422 4401 722 4500 Meienburg,
766 4400 928 4480 Consuli
950 4403 1069 4482 Nort-

145 4509 312 4598 ftusono,
335 4506 852 4604 amicosuoproestontr'ss.et
870 4511 998 4587 caries.
1120 4549 1187 4627 No·
1203 4551 1317 4630 4937.
1958 4569 1991 4631 6·
2008 4561 2091 4644 Aug.

71 4653 128 4742 S.
154 4661 200 4736 D.
247 4657 449 4732 Clarissime
462 4653 536 4733 vir.
562 4669 598 4726 et
610 4655 721 4726 amice
736 4651 951 4735 charissime.
1000 4659 1069 4734 Dei
1931 4650 2102 4681 Μ

71 4763 248 4840 beneficio
269 4755 387 4832 adhuc
409 4769 501 4826 recte
517 4754 734 4842 valentblii,
766 4773 800 4830 et
816 4759 966 4832 discunt.
1015 4761 1069 4834 Ac
1424 4714 1805 4808 1⁰⁰⁶P0M0Hffl‘00

71 4869 241 4941 noudum
263 4858 422 4950 contagia
441 4855 659 4950 pestilentiae
675 4857 713 4926 in
728 4851 795 4928 hoc
810 4861 942 4952 oppido
957 4865 1069 4934 sensi·
1187 4878 1272 4951 Epist.
1290 4877 1337 4934 tta.
1353 4875 1386 4934 n.
1404 4895 1431 4951 p.
1446 4877 1507 4935 sot.
1526 4879 1579 4948 (et.
1596 4879 1682 4938 boat.
1701 4881 1749 4938 tit.
1764 4881 1799 4936 tt.
1816 4898 1861 4954 ap.
1874 4875 1957 4952 ssa).

70 4991 171 5042 mus.
234 4959 290 5032 Er
330 4957 452 5030 castris
485 4949 855 5050 Mcideburgcnsibus
896 4980 1069 5036 venerunt
1581 5035 1590 5054 ,

70 5063 328 5158 Kambergom
349 5057 502 5152 aegroti,
530 5057 574 5128 ad
597 5081 685 5150 quos
710 5081 790 5128 cum
813 5057 992 5134 Diaconos
1012 5089 1069 5136 ac.
1332 5031 1387 5110 D·
1413 5031 1661 5108 loacdtmo
1685 5033 1790 5108 Mol
1798 5033 1815 5108 1
1822 5060 1898 5108 cro

72 5170 254 5250 cessisset,
293 5163 441 5232 infeclffi
472 5159 662 5230 0⁵1⁸lffllll
694 5159 837 5242 ¹⁰⁰¹b⁰v
875 5164 1003 5234 dfllndfl
1037 5181 1071 5237 el
1123 5171 1170 5256 S.
1198 5183 1241 5260 D.
1292 5179 1493 5255 Clarissime
1514 5183 1620 5254 viret
1636 5183 1746 5254 amice
1762 5179 1977 5259 charissime.
2029 5185 2110 5258 Scio

73 5295 186 5346 senex
213 5266 336 5338 Pastor
360 5260 539 5334 Ecclesiae
570 5257 858 5350 Kembergensis,
898 5263 1071 5339 divinitus
1123 5301 1156 5358 [ρ
1178 5288 1222 5357 de
1244 5285 1412 5375 ingeniis,
1439 5285 1583 5371 studii„
1607 5298 1641 5355 aa
1661 5285 1822 5355 moribus
1838 5287 2047 5378 prudenter,
2076 5301 2111 5360 et

1128 5423 1348 5438 *—

113 5481 146 5550 ί)
162 5477 226 5532 Vid.
240 5473 317 5545 epist.
333 5469 359 5528 d.
372 5467 416 5526 tt.
431 5467 515 5524 atres
1158 5473 1191 5544 *)
1207 5472 1270 5528 Vid.
1283 5491 1326 5546 ep.
1343 5475 1386 5532 ad.
1403 5473 1574 5544 Meieolsurg.
1591 5473 1619 5530 d.
1640 5474 1667 5531 d·
1683 5473 1762 5546 spu.
1782 5473 1857 5530 esst.

73 5563 263 5630 hircana.
281 5551 387 5618 Orrn.
412 5542 584 5614 varvu.
1246 5593 1253 5602 .
1511 5548 1562 5620 52
