4614 6226
199 299 275 378 su
791 224 1490 388 rrrsrousrouurno.
1542 298 1677 386 seso
2156 311 2215 396 su
2273 393 2275 420 ,

197 473 396 552 Ecclesim
417 473 632 550 confimat?
662 470 769 552 lubet
789 473 898 552 etiam
917 488 1084 552 suerrus
1096 490 1206 572 ‘pater
1255 477 1362 565 cleris
1383 489 1438 550 est
1457 475 1557 552 velot
1569 475 1797 570 grammatica
1810 480 1984 554 sunonis
2000 483 2115 561 divini
2152 485 2218 564 lion

198 581 294 654 clare
317 604 403 652 voce
426 580 472 652 dc
496 580 596 654 coelo
617 593 785 665 sonante,
811 579 938 652 audiri
963 576 1099 668 hliur'n',
1125 580 1207 654 cuin
1255 581 1351 652 enim
1370 601 1429 652 res
1450 601 1564 652 noras
1584 579 1777 673 excogitat,
1799 585 1865 654 sed
1882 585 2078 660 iustioribus
2092 595 2218 670 ostendit

199 683 337 780 inquit:
360 678 421 756 his
442 695 498 756 cst
518 683 617 755 filias
639 705 741 756 meus
754 683 923 770 dilectus,
948 707 1020 778 quo
1037 683 1206 771 delector,
1255 687 1376 756 renim
1390 685 1556 754 ordinem
1572 697 1615 756 -st
1625 685 2098 781 montepnprteoene
2132 691 2220 782 Quod

197 783 298 862 hunc
317 785 452 864 audite.
501 784 601 877 Quia
623 787 755 863 attinet
773 785 917 873 audire,
942 785 974 858 si
993 811 1070 860 non
1082 787 1209 873 ¹adfert
1254 802 1374 860 notem
1386 807 1515 878 magos
1533 787 1727 860 emensos
1741 801 1779 861 ct
1792 804 1876 862 sont
1890 792 2097 878 ertnsmnc,
2107 797 2218 890 saepius

198 906 332 966 certam
358 903 396 962 et
426 889 567 960 firmam
599 889 824 960 doctrinam?
873 885 1040 986 Denique
1073 886 1121 961 de*
1149 885 1208 960 his
1255 889 1552 966 causa-estetsuit
1568 889 1780 984 perversitas
1791 891 2219 992 ingeniorummsgisqrrn

198 995 289 1088 ipsis
308 991 456 1086 scriptis
472 985 711 1087 propheticis,
734 1013 825 1088 quoe
839 1005 961 1066 estant
983 989 1207 1080 inEoclesls,
1253 991 1429 1063 sermonis
1454 991 1570 1062 divini
1594 991 1819 1086 amliquitas.
1864 994 2021 1092 ldeoque
2040 1001 2118 1071 vult
2136 997 2218 1088 Deus,

197 1096 319 1192 inquit
340 1093 492 1168 Paulus:
524 1107 600 1168 tota
624 1095 801 1186 scriptura
823 1095 949 1168 divino
977 1093 1109 1188 spiritu
1132 1109 1206 1169 tra-
1254 1093 1907 1186 iudiciadootriuas=esse,¹voltetim
1923 1097 2101 1174 sententiis
2109 1102 2221 1196 moran

198 1203 276 1274 dita
297 1197 400 1271 utilis
422 1199 546 1272 estad
569 1199 772 1273 docendum
789 1211 856 1275 eto.
904 1193 954 1274 El
967 1195 1113 1272 Petrus:
1138 1192 1207 1272 ha-
1255 1197 1633 1270 iudicum-oaohnnari
1647 1199 1912 1290 imbecilliores,
1922 1203 2104 1274 ordietum
2119 1221 2178 1278 est:
2196 1221 2222 1280 et

196 1306 324 1376 benus
347 1325 554 1378 sermonem
581 1293 851 1395 propheticum,
883 1293 982 1372 hune
1007 1300 1207 1394 sequamini
1254 1301 1821 1374 ruemvsrsnscontmstsaoes
1835 1317 1927 1381 tuos.
1978 1303 2051 1378 Sed
2064 1301 2223 1380 hiiodites

198 1406 349 1491 intenti,
380 1425 447 1478 ceo
472 1398 644 1500 lychnum
672 1404 711 1474 in
735 1404 886 1476 obscuro
911 1403 993 1474 loco
1014 1403 1206 1478 lucentem.
1253 1405 1503 1476 oonoondont
1518 1405 1882 1494 amanuensium,
1904 1411 2224 1481 tantomeonlessio·

198 1509 327 1582 Petrus
340 1501 631 1599 tydruatueemi
649 1507 786 1578 conlert
800 1527 1000 1578 sermonem
1020 1500 1207 1600 propheti·
1254 1520 1339 1576 trem
1370 1507 1502 1592 edunt,
1534 1529 1605 1600 (pra
1629 1507 1844 1594 ostendunt,
1874 1531 1912 1580 se
1934 1511 2098 1604 amplecti
2117 1501 2225 1606 pateis·

197 1637 293 1686 rum
341 1607 517 1685 Homines
532 1603 713 1702 prophani
725 1607 851 1682 dieunt
861 1631 941 1680 esse
958 1609 1124 1682 tenebras
1141 1622 1204 1685 aut
1253 1607 1408 1680 ctionem
1441 1605 1619 1694 divion,
1652 1621 1688 1680 et
1712 1609 1868 1682 collectis
1889 1613 2101 1685 testimoniis
2120 1637 2225 1684 sermo·
2275 1615 2277 1672 ἔ

198 1713 418 1808 praestigias.
450 1708 615 1787 Psalmos
629 1710 765 1806 iuquit:
781 1711 928 1784 lucerna
943 1711 1097 1804 pedihus
1116 1710 1205 1784 ιιιοίι
1254 1710 1311 1780 nis
1341 1709 1458 1782 divini
1481 1709 1642 1784 rifotant
1661 1713 1897 1806 cormptelas3
1935 1728 1977 1786 ut
1997 1712 2149 1788 Ecclesia
2169 1713 2224 1786 An·

200 1817 352 1890 verboso
373 1827 495 1902 tumn,
527 1807 693 1887 homines
716 1808 895 1906 prophani
916 1813 1103 1908 inquiunt:
1130 1813 1204 1886 imo
1256 1807 1422 1884 tiocheue
1446 1814 1576 1884 relrrtet
1595 1811 1888 1902 samosatenum,
1913 1833 2117 1908 negantem,
2140 1812 2224 1917 ldyor

198 1921 364 2010 legantur
384 1913 589 1993 Aristotelis
608 1910 744 2002 ethica,
768 1916 938 2010 legantur,
953 1917 1092 1992 decreta
1113 1939 1207 2008 pon·-
1253 1912 2006 2008 signiticarepersooaminhscnarratiouss
2026 1921 2066 1990 in
2079 1920 2224 2013 principio

201 2023 360 2096 silicum:
399 2019 439 2092 io
462 2013 520 2092 his
541 2033 594 2092 est
614 2018 741 2111 politia
761 2014 940 2096 Ecclesiae
960 2031 1056 2090 certo
1080 2018 1205 2092 etsine
1255 2031 1333 2089 erat
1346 2017 1510 2090 verbum.
1534 2013 1712 2108 Adiungit
1723 2019 1824 2088 enisa
1837 2023 2024 2115 sequentia
2040 2023 2226 2116 dicta,quae

199 2122 433 2214 ambiguitate
449 2121 659 2195 'constituta
710 2117 836 2192 Esaias
859 2119 994 2214 inquit:
1026 2123 1070 2192 ad
1093 2121 1205 2210 legero
1254 2118 1441 2214 perspicue
1462 2119 1652 2192 adiuuant
1673 2115 1891 2192 mehtiorem
1911 2124 1993 2196 fieri
2011 2146 2183 2218 personae:
2202 2135 2226 2192 et

199 2241 236 2300 et
258 2226 306 2298 ad
329 2223 575 2303 testimonium
601 2220 765 2316 quinon
788 2223 920 2296 dixerit
940 2222 1038 2296 iuxta
1054 2223 1206 2296 verbum
1253 2221 1502 2294 vachonnam
1517 2223 1650 2292 tamum
1666 2235 1730 2298 est.
1778 2219 1829 2296 Et
1850 2218 1916 2296 hos
1931 2225 2033 2320 ipsos
2045 2227 2170 2298 iudices
2181 2227 2227 2296 ad·
2277 2221 2278 2312 J

199 2326 288 2418 hos,
301 2351 385 2401 non
397 2325 701 2402 eriteimatutina
714 2324 787 2400 tux.
818 2321 986 2420 Denique
1001 2324 1087 2396 talia
1103 2347 1207 2417 prae·
1253 2323 1370 2395 iuvari
1385 2323 1574 2416 probitatis
1586 2323 1958 2416 testimoniiseorum,
1981 2330 2047 2424 qui
2063 2328 2226 2400 fidelssdo·

81 2483 86 2494 .
199 2430 405 2512 eommunia
432 2427 614 2503 ‘sermonis
646 2426 763 2501 divini
796 2429 909 2502 multa
942 2439 1080 2514 estant,
1114 2449 1206 2521 quse
1254 2426 1390 2500 ruinae
1401 2427 1566 2498 custodes
1580 2427 1727 2498 formant
1742 2426 1848 2500 initio
1861 2443 1940 2520 post
1955 2426 2225 2524 Apostolos,aon
2276 2513 2277 2526 χ

200 2533 488 2608 moventhooas
510 2545 669 2616 mentes,
703 2542 746 2600 ut
769 2542 943 2614 statuant,
978 2542 1014 2600 et
1038 2529 1207 2619 legendos
1254 2541 1307 2600 est
1321 2527 1536 2599 absurdum:
1560 2540 1604 2598 ιιι
1620 2529 1756 2599 nosde
1778 2529 2056 2604 divinitate-filil
2072 2533 2137 2605 Dei
2153 2531 2220 2604 testi·

201 2637 410 2714 esselibros
432 2627 715 2725 propheticosae
737 2631 968 2723 apostolicos,
999 2644 1033 2703 et
1056 2655 1098 2701 ex
1121 2629 1207 2723 ipsis
1254 2629 1377 2702 roonis
1401 2628 1609 2723 quaerimus
1632 2627 1801 2720 Gregorii
1822 2630 2149 2717 Neocaeseriensis,
2171 2633 2224 2702 lre·
2278 2705 2279 2712 χ

200 2757 373 2832 tanquam
394 2735 556 2806 fontihus
585 2733 778 2826 petendum
802 2756 875 2804 esse
898 2733 1098 2804 doctrinam
1130 2757 1207 2804 cer·
1254 2731 1337 2802 naei
1356 2731 1586 2818 antulium,
1617 2735 1680 2825 qui
1699 2727 1893 2826 Apostolos
1914 2751 1980 2809 aut
2003 2735 2226 2832 Apostolorum

201 2856 275 2912 tam
291 2841 429 2929 legum,
454 2835 734 2927 promissionum
751 2849 785 2906 et
800 2835 1034 2906 articulorum
1050 2831 1153 2920 fidei,
1172 2847 1207 2904 et
1254 2833 1449 2927 discipulos
1469 2833 1697 2905 audiverunt.
1748 2831 2033 2911 Communefncti
2050 2859 2130 2930 ergo
2147 2837 2225 2906 inlr

201 2939 280 3016 Deo
305 2965 343 3011 sc
365 2937 592 3032 patefacienti
623 2931 721 3008 hunc
748 2931 925 3010 honorem
956 2937 1134 3022 tribuant,
1166 2949 1207 3008 ut
1254 2936 1411 3007 cilliorss
1422 2935 1631 3025 diligentius
1646 2937 1872 3010 considerant
1892 2941 2034 3029 sontes,
2059 2957 2095 3012 et
2110 2939 2224 3012 credat

202 3044 379 3128 sentiant,
412 3040 567 3114 voluisse
595 3063 679 3114 eum
700 3060 782 3124 vere
803 3053 838 3112 et
860 3037 997 3110 utiliter
1021 3040 1147 3110 docere
1173 3051 1207 3109 et
1255 3038 1307 3110 ibi
1322 3029 1437 3138 λόγον
1452 3037 1642 3128 significari
1657 3061 1863 3129 porsonam:
1885 3041 2061 3116 invocant
2075 3036 2228 3118 fittnmllsi

203 3143 382 3220 consolari
392 3165 515 3234 genus
523 3136 740 3234 humanum,
760 3165 834 3214 oon
848 3140 964 3214 voluit
979 3155 1020 3214 ut
1034 3139 1208 3232 impostor
1247 3163 1332 3212 non
1345 3151 1494 3234 propter
1506 3133 1640 3210 horum
1653 3140 1815 3212 iudicum
1835 3145 2077 3232 morentiaco,
2101 3143 2158 3216 sed
2175 3139 2232 3236 quir

201 3263 343 3324 tantum
367 3245 553 3321 offundere
576 3245 792 3336 praestigias.
844 3240 952 3332 Quod
970 3243 1207 3334 cogitarim*
1255 3255 1453 3332 agnoscunt
1473 3243 1514 3312 in
1529 3243 1833 3314 sermonedivino
1858 3240 1953 3317 hanc
1967 3249 2232 3318 doctrinam-tlt·

202 3353 261 3424 lus
280 3361 398 3442 potest
419 3347 592 3434 amorius,
617 3369 723 3442 quam
739 3347 888 3438 hogero,
911 3344 1030 3418 Deum
1051 3345 1206 3419 voluisse
1255 3346 1364 3416 ditam
1388 3367 1473 3414 esse.
1531 3341 1655 3437 Neque
1684 3345 1895 3436 angelorum
1919 3371 2041 3443 neque
2061 3343 2234 3425 hominen

203 3454 243 3524 in
274 3452 439 3542 docendo,
467 3463 604 3524 tantum
635 3449 831 3522 discordias
861 3447 1001 3522 serere?
1055 3443 1116 3519 Ah
1139 3439 1207 3520 hec
1255 3460 1353 3520 taeta
1376 3459 1430 3518 est
1456 3445 1664 3527 auctoritas,
1696 3461 1739 3519 ut
1764 3450 1918 3520 oonders
1939 3453 2053 3522 talem
2073 3450 2235 3523 articnloo
2279 3477 2280 3530 3

203 3555 313 3648 impia
327 3553 499 3646 opinione
513 3547 706 3624 abhorrere
730 3551 814 3624 totis
832 3551 1012 3622 mentib'us
1036 3562 1072 3621 et
1087 3562 1208 3646 postor
1254 3548 1628 3642 possint,ahneterno
1642 3561 1742 3641 patre
1758 3550 1917 3639 genituro
1931 3575 2010 3624 esse
2026 3553 2153 3629 filiurn,
2188 3547 2237 3620 set
2274 3547 2280 3665 l

204 3659 306 3730 ribus
319 3677 444 3747 omues
456 3655 653 3747 oportebat.
1255 3647 1349 3722 hane
1371 3671 1537 3722 arcanam
1560 3673 1640 3720 rem
1652 3647 1753 3722 Deus
1766 3653 1843 3744 ipse
1857 3653 2046 3745 patefecit.
2067 3649 2238 3728 arandus

306 3757 377 3831 Sed
403 3757 585 3828 clamitant
617 3753 748 3849 aliqui,
779 3753 893 3826 multa
925 3754 1083 3826 breviter
1115 3751 1206 3839 dici3
1255 3752 1460 3824 testimonia
1479 3751 1721 3846 patefactiooi.
1772 3751 1849 3826 Deo
1874 3755 1988 3846 igitur
2007 3761 2239 3841 medimnus

203 3863 417 3956 plerumque
428 3856 1148 3941 solemio-lemvitateissost-elsseoritas,
1162 3869 1208 3926 ut
1255 3857 1369 3930 lilium
1383 3855 1610 3941 invocamus,
1636 3856 1720 3950 quia
1742 3879 1784 3926 ex
1798 3856 1934 3928 w(livinis
1951 3861 2170 3933 testimoniis
2184 3877 2239 3929 ccr-

203 3965 351 4039 dicitur:
377 3961 495 4032 brevis
512 3985 586 4030 esse
600 3961 744 4045 laboro,
769 3959 942 4030 obscuros
958 3959 1015 4030 lio.
1067 3955 1208 4030 Deinde
1256 3958 1517 4043 testatuimns,
1544 3977 1618 4028 esse
1633 3957 1928 4050 manipntentern.
2278 4033 2280 4070 v

203 4069 233 4138 si
252 4079 341 4138 esset
355 4063 587 4156 perspicuitas
608 4073 726 4141 ιιιιιι,
752 4085 828 4131 oon
847 4075 962 4131 essent
984 4057 1087 4157 toties
1102 4077 1207 4129 eror-
1311 4111 1317 4120 .
1356 4059 1398 4131 Si
1416 4081 1485 4152 qua
1501 4059 1608 4130 etiarn
1630 4060 1668 4128 in
1687 4066 1788 4152 parte'
1802 4063 1958 4134 brevitas
1975 4080 2049 4154 est,
2075 4059 2242 4139 tormini·
2278 4083 2280 4118 ι

204 4185 261 4240 tae
285 4166 533 4238 dissensiones.
583 4163 769 4234 Praeterea
793 4187 857 4234 cur
876 4162 1008 4237 iudicia
1025 4149 1208 4236 doctrinae
1255 4160 1356 4234 statii
1376 4162 1567 4232 collatione
1586 4162 1872 4256 testimoniorum
1894 4165 1960 4237 illa
1983 4169 2152 4241 breviora
2173 4167 2243 4237 diott
2278 4207 2280 4232 t

205 4273 244 4341 iu
262 4268 421 4341 Ecclesia
434 4267 624 4338 constituta
642 4279 743 4350 sunt,
763 4277 799 4335 et
816 4256 1207 4358 addita'interpretatio,
1256 4265 1426 4338 illustrat.
1477 4259 1529 4338 dit
1549 4287 1776 4358 nequaquam
1800 4269 2008 4358 negandum
2039 4286 2114 4360 est,
2146 4282 2244 4342 rosto

205 4375 235 4444 si
252 4373 353 4444 litere
367 4371 444 4462 ipsa
463 4369 518 4439 sui
537 4370 714 4460 interpres
726 4367 803 4436 est?
849 4408 852 4418 ,
1094 4382 1133 4408 ’·
1257 4365 1448 4438 ministerii
1470 4366 1795 4437 audiendamesse
1857 4368 2080 4444 Sedererlit
2106 4393 2202 4444 oreos
2221 4379 2245 4435 ct

307 4473 389 4544 Non
408 4471 562 4542 difficilis
576 4469 758 4564 responsio
776 4483 846 4556 est,
870 4467 900 4540 si
925 4469 1002 4538 sine
1021 4467 1209 4542 calumn'u's
1257 4469 1400 4540 inrorat
1412 4484 1560 4561 propter
1572 4469 1840 4561 patefactionem
1856 4471 2040 4544 divinam.
2065 4475 2246 4548 Ultl'sutem

209 4577 368 4648 iudicare
392 4571 567 4645 volumus.
626 4569 717 4651 l’ult
739 4567 835 4644 Deus
857 4569 896 4640 in
920 4565 1078 4646 Ecclesia
1099 4571 1209 4642 mini-
1260 4571 1415 4642 ministri
1433 4584 1469 4642 et
1482 4572 1555 4640 alii.
1566 4586 1738 4664 spargunt
1754 4573 1942 4665 opiniones
1961 4573 2089 4670 aperto
2108 4596 2246 4674 pegaseo-

207 4681 354 4750 sterium
367 4675 554 4765 Evangelii
571 4689 717 4760 esse,et
734 4673 903 4744 filiusDei
919 4675 1209 4744 sedensaddex-
1257 4688 1310 4744 tes
1333 4697 1415 4744 craso
1451 4694 1615 4744 sermone
1649 4675 1985 4760 divinmsdicun
2021 4702 2098 4752 esee
2133 4685 2247 4770 oportet

205 4799 317 4852 teram
329 4781 460 4849 aeterni
471 4778 580 4872 patris
594 4790 711 4847 servat
726 4771 793 4846 hoc
807 4777 1209 4862 ministerium,sooans
1258 4776 1376 4867 ipsum
1400 4797 1600 4845 sermonem
1624 4775 1807 4861 divinum,
1840 4793 1881 4850 ut
1906 4782 2101 4875 perspicue
2118 4782 2245 4853 dieitur:
2279 4779 2280 4794 *

207 4882 395 4974 Evangelii
418 4904 559 4963 vom,
587 4901 627 4950 ac
649 4873 1064 4959 datdonahominibus,
1090 4893 1210 4970 pasto·
1258 4877 1387 4973 siquis
1408 4874 1759 4966 aliudEvangeliuur
1777 4879 1897 4966 docet,
1923 4881 2189 4956 anathema-sit.
2242 4885 2245 4897 ’

207 4987 500 5056 resetdoctores.
551 4979 627 5052 Hos
646 4981 723 5050 vult
738 4981 872 5049 audiri:
896 4981 1117 5074 quiquidem
1133 5003 1209 5051 non
1360 4976 1458 5049 Haec
1480 5004 1521 5050 eo
1543 4980 1705 5065 recitavi,
1731 4994 1772 5052 ut
1794 4983 1997 5056 invitentur
2016 4985 2280 5059 autenticum

208 5110 342 5158 uturum
356 5083 830 5173 doctrinaegenusgignunt,
845 5085 906 5152 sed
923 5083 1073 5153 rudibus
1090 5097 1211 5154 osten·-
1259 5075 1551 5175 propheticorum
1579 5077 1612 5152 el
1633 5077 1912 5174 apostolicorum
1940 5083 2247 5160 monumentorum
2278 5007 2280 5136 i

206 5194 317 5272 dunt,
334 5191 378 5259 de
394 5187 523 5282 quihus
539 5188 644 5256 rebus
652 5183 748 5256 Deus
763 5185 995 5257 continuetur
1008 5185 1048 5254 in
1061 5207 1210 5255 suosere·
1260 5187 1376 5256 honae
1389 5199 1549 5266 mentes,
1575 5207 1640 5253 nec
1656 5187 1829 5256 deterreri
1851 5209 1889 5258 se
1902 5183 2108 5282 prophetiis
2122 5192 2248 5260 illorum

208 5313 327 5376 roone,
344 5285 490 5382 phrasin
508 5301 686 5368 etrarrant,
706 5289 894 5358 sortierunt
907 5287 1208 5377 addivinasleges
1260 5287 1403 5358 iudiciis
1423 5287 1559 5369 sinant,
1582 5285 1644 5378 qui
1668 5285 1870 5370 clamitant,
1897 5310 1972 5360 asse
1992 5295 2081 5364 solia
2096 5291 2246 5386 sibyllae,

207 5410 243 5464 et
275 5389 528 5484 promissiones
554 5387 749 5460 humanam
782 5389 1013 5480 sapientiam:
1047 5403 1207 5474 monent,
1259 5404 1320 5458 aut
1335 5384 1514 5481 Sphingos
1530 5388 1741 5477 aenigmata,
1768 5389 1808 5460 Si
1825 5393 1934 5462 lector
1947 5397 2092 5467 adseret
2106 5395 2247 5466 timorem

207 5497 294 5592 quid
307 5495 513 5578 converriat,
531 5494 616 5586 quid
633 5517 706 5563 uon
724 5491 922 5566 conveniat.
958 5491 1122 5586 Denique
1135 5487 1207 5564 Ec·
1258 5489 1345 5577 Dei,
1373 5505 1408 5562 et
1431 5515 1587 5560 amorem
1603 5491 1761 5563 veritatis
1785 5509 1819 5566 et
1840 5495 2000 5590 aliquam
2024 5499 2200 5571 literarum
2221 5501 2245 5556 tl

1427 5667 1438 5704 i
