4624 6216
136 215 286 366 ’969

215 765 321 836 etiam
338 777 496 833 nostram
512 763 700 836 amicitiam
717 763 908 834 referamus
923 769 967 836 ad
978 791 1202 838 communem

214 863 393 936 Ecclesiae
421 863 622 938 utilitatem„
687 862 785 936 Tuas
816 867 935 938 literas
965 869 1204 938 amantissime

214 968 361 1059 scriptas
375 989 474 1034 meus
488 989 595 1054 gener
612 961 700 1037 mihi
718 965 824 1037 misit.
874 965 978 1052 Feci,
1001 972 1098 1062 quod
1116 972 1206 1064 peti·

214 1070 317 1152 visti,
349 1091 424 1138 non
446 1089 524 1136 sum
546 1091 749 1158 progressus
774 1069 819 1138 ad
839 1063 960 1161 Alpes.
1011 1070 1085 1142 Nec
1110 1073 1206 1164 peri-

216 1171 287 1242 culi
303 1182 400 1240 metu
416 1168 582 1244 retineor.
626 1168 717 1242 Nam
733 1170 830 1240 domi
848 1194 921 1242 non
938 1173 1057 1242 minus
1070 1174 1207 1248 laceror

214 1271 385 1342 avicinis
406 1271 660 1346 ardelionibus.
710 1268 779 1342 Sed
814 1267 924 1342 habui
956 1274 1043 1343 alias
1074 1296 1207 1362 causas,

215 1395 322 1468 quas,
346 1385 387 1442 ut
400 1395 524 1464 spero,
545 1395 664 1442 coram
679 1395 862 1464 exponam.
902 1370 1010 1446 Brevi
1025 1377 1120 1446 euim
1128 1374 1205 1446 Deo

215 1475 360 1544 iuvante
374 1475 521 1542 domum
537 1475 736 1558 rediturus,
762 1475 848 1544 istac
863 1473 930 1545 iter
944 1476 1079 1551 faciam.
1117 1475 1207 1548 Mit-

215 1590 253 1646 to
266 1575 334 1646 tibi
349 1571 508 1644 Amanti
521 1575 726 1666 epistolam,
741 1599 846 1667 quam
863 1570 940 1646 heri
957 1577 1086 1671 accepi.
1140 1577 1208 1651 'ri-

215 1677 274 1756 si,
300 1689 383 1748 tuae
403 1671 671 1746 honestissimae
692 1675 855 1765 coniugi,
880 1678 1020 1762 etlilio,
1045 1692 1080 1751 et
1100 1680 1206 1763 filiae,

216 1779 320 1850 rnitto
342 1777 466 1864 xenia,
487 1792 528 1850 ut
549 1773 679 1848 horum
699 1802 888 1865 versuum,
914 1781 1044 1874 quibus
1066 1782 1207 1868 inclusi,
1260 1825 1335 1881 tu„

218 1879 427 1950 senteutiam
448 1879 576 1950 melius
598 1881 736 1954 reddas.
792 1876 876 1950 Feci
898 1883 1115 1952 mentionem
1136 1883 1208 1954 La-

217 1982 330 2076 myri,
361 1981 527 2052 videlicet
548 1979 763 2066 Ptolemaei,
795 2005 901 2073 quern
924 1985 987 2052 alii
1009 1980 1207 2078 Lathyrum

217 2107 294 2153 non
307 2095 401 2154 recte
415 2095 564 2164 vocant,
590 2107 670 2152 cum
684 2083 730 2152 sit
743 2077 926 2176 tcpvpdc,
953 2084 1050 2158 idest
1066 2085 1207 2156 fabula-

217 2198 286 2255 tor.
337 2180 371 2254 ls
387 2207 467 2254 cum
480 2183 622 2274 triginta
639 2183 751 2252 millia
763 2181 973 2256 ludaeorum
990 2188 1207 2273 trucidasset,

219 2301 340 2376 captos
369 2285 483 2376 coegit
503 2286 597 2354 vesci
626 2285 891 2356 interfectorum
926 2289 1105 2366 carnibus.
1164 2287 1206 2360 ln

219 2387 329 2460 tantis
361 2388 463 2475 regui
492 2384 629 2456 Iudaici
653 2385 932 2470 calamitatibus,
969 2402 1088 2460 tamen
1111 2389 1208 2462 Deus

219 2511 302 2560 suos
321 2500 440 2558 metus
465 2489 630 2560 servavit.
679 2485 893 2560 Reverendo
905 2487 953 2564 D.
970 2485 1131 2588 Sncppio
1152 2495 1208 2563 di-

219 2613 296 2679 cas,
328 2613 385 2658 me
411 2591 559 2660 salutem
591 2602 712 2681 optare
738 2591 902 2680 coniugio
926 2592 991 2660 atii
1016 2593 1145 2685 ipsius,
1174 2609 1209 2666 et

219 2685 491 2775 filiaeBrcntii,
515 2691 700 2783 dequibus
714 2685 892 2763 Brentius
913 2695 957 2764 ad
981 2718 1037 2764 me
1058 2696 1208 2788 scripsit.

220 2791 380 2864 Salutem
398 2793 492 2864 dices
514 2806 548 2862 et
567 2789 612 2865 D.
631 2783 828 2868 Victorino
849 2807 884 2864 et
908 2796 1051 2886 collegis
1075 2799 1219 2873 ceteris.

220 2891 327 2964 Del).
338 2888 533 2966 Victorino
547 2894 695 2984 coniuge
713 2893 765 2964 lui
784 2894 955 2966 sollicitus
973 2912 1118 2990 propter
1130 2925 1210 2972 mea

222 2996 370 3066 somnia.
421 2993 519 3064 Bene
535 2997 613 3064 vale
638 2993 711 3066 Cal.
728 2993 852 3064 Martii
868 2995 1095 3090 Noribergae.
1135 3037 1138 3046 ’

732 3091 919 3188 Philippus
936 3098 1160 3174 Melanthon.

321 3309 454 3380 Versus
475 3309 513 3379 in
535 3311 625 3508 lqcto
647 3311 749 3392 lacti,
776 3311 869 3388 inter
887 3317 1063 3388 cruciatus
1086 3319 1211 3389 calculi

375 3426 409 3482 et
426 3413 523 3482 alios.

223 3561 366 3632 Numen
386 3571 427 3628 ut
441 3562 575 3630 aeterni
594 3562 732 3655 sapiens
749 3577 784 3634 et
799 3565 919 3634 dextra
934 3569 1090 3656 parentis

274 3661 434 3732 Protexit
449 3655 622 3732 thalamos
637 3659 843 3736 Elisabetha
858 3679 956 3750 tuos,

225 3763 269 3834 ln
285 3763 416 3856 quibus
432 3755 602 3832 infantem
620 3767 790 3856 longaeva
806 3791 978 3860 puerpera
994 3771 1132 3864 alebas,

211 3933 216 3946 ,
277 3863 456 3934 Miscebas
473 3865 567 3934 curis
583 3879 618 3936 et
633 3868 692 3960 pia
707 3882 788 3938 vota
805 3869 891 3938 tuis:

225 3963 441 4058 Quanquam
456 3979 650 4054 grassantes
663 3982 736 4038 tota
754 3965 916 4039 Iordanis
929 3971 968 4040 iu
982 3995 1062 4060 ora,

277 4064 445 4158 Undique
458 4067 633 4138 saevirent
647 4065 801 4140 Parthus
815 4067 1001 4164 Arabsque
1016 4090 1153 4156 truces.

224 4161 273 4240 Et
288 4191 492 4262 quanquam
508 4170 657 4240 lratrurn
674 4172 844 4241 membris
860 4175 1024 4266 pascique
1039 4203 1164 4252 cruore

277 4267 464 4347 lussissent
476 4268 622 4366 Lamyri
640 4272 751 4344 millia
770 4285 869 4364 capta
883 4275 1020 4362 minae,

226 4367 285 4442 Tu
299 4393 420 4442 secura
436 4383 554 4442 tamen
569 4373 682 4444 divini
699 4373 864 4444 Numinis
880 4377 1024 4466 umbra,

278 4471 428 4563 Figebas
443 4473 518 4542 nati
532 4474 629 4545 basia
642 4475 752 4546 multa
772 4476 882 4566 genis.

227 4573 286 4646 Sic
303 4571 504 4649 modorum
520 4577 644 4666 poeuis
657 4591 830 4668 urgentur
844 4602 950 4668 regna
967 4571 1116 4674 superba
1124 4637 1137 4672 ,

275 4673 374 4748 ltrxta
390 4697 470 4744 aras
486 4691 604 4750 coetus
620 4692 762 4772 protege
777 4675 918 4752 Christe
934 4695 1024 4758 tuos.

228 4777 278 4848 Ut
291 4777 376 4870 quia
394 4771 574 4870 Stigclics
594 4781 741 4872 supplex
756 4781 862 4850 etiam
879 4785 994 4854 adstat
1009 4785 1052 4856 ad
1074 4785 1152 4856 illas

281 4877 395 4970 lpsius
409 4893 540 4950 castam.
554 4905 681 4974 quaeso
699 4895 796 4952 tuere
812 4883 970 4956 domum.

261 5167 293 5242 *)
312 5167 342 5221 ld
361 5185 470 5222 csrsnen
491 5167 598 5241 scripsit
616 5169 791 5240 camerario,
812 5191 855 5247 ep.
871 5173 898 5231 d.
915 5176 958 5232 29.
976 5177 1058 5232 Febr.
1074 5187 1103 5233 ct
1114 5175 1216 5234 Mm-

289 5247 418 5310 gsrtnsro
436 5251 481 5308 sp.
499 5239 526 5293 d.
545 5243 586 5294 to.
605 5241 687 5299 Mart.

779 283 1215 368 Ertssotatwu
1268 293 1376 372 [ΑΒ.
1418 297 1517 376 ΧΗ.
1570 297 1702 380 1552.

212 473 332 532 tamen
347 481 485 550 semper
505 456 602 528 idem
620 459 769 531 sentiam
783 472 817 530 et
832 471 929 549 grata
946 484 1203 534 commemora-
1258 462 1322 536 No.
1335 463 1450 544 6060.

212 563 309 632 tione
331 573 427 630 tuam
440 559 608 630 virtutem
629 560 850 651 praedicabo.
901 559 1078 634 Frurmur
1098 564 1204 636 etiam

213 661 366 736 amicitia
381 676 502 732 nostra
521 661 559 730 in
580 661 721 734 coelesti
738 664 1006 734 consuetudine.
1064 663 1203 736 Interea

2136 315 2190 392 stt

2043 489 2192 574 (numo.)

2060 581 2182 606 ”Aa

1478 672 1608 758 Hier.
1636 643 2022 785 Bccmgurtncro.

1325 825 1408 898 Epist.
1428 825 1475 884 lib.
1488 829 1538 888 Vl.
1556 849 1583 898 p.
1593 831 1649 884 087
1662 849 1703 902 sq.
1729 831 1780 888 llic
1792 851 1822 884 es
1833 838 2001 906 autographo
2014 837 2039 893 in
2052 842 2104 898 cod.
2115 843 2176 898 Mor.
2186 848 2200 898 l.

1359 911 1385 966 p.
1406 898 1464 952 172.
1499 899 1696 971 autographon
1709 911 1748 954 est
1763 921 1846 974 pac-va
1859 903 1965 962 scheda.

1264 563 1435 596 Μ

1258 1043 1483 1126 Clarissimo
1504 1055 1582 1127 viro
1610 1051 1663 1126 D.
1686 1056 1971 1154 Hieronymo
1995 1061 2205 1161 Bomgcrt-

1578 1180 1703 1246 nero,
1728 1157 1911 1236 Senatori.

1260 1287 1307 1378 S.
1330 1301 1371 1375 D.
1406 1299 1501 1374 Ante
1515 1305 1651 1400 aliquot
1665 1309 1741 1376 dies
1758 1309 1797 1378 in
1813 1316 1952 1384 somnio
1971 1317 2063 1388 visus
2078 1341 2144 1390 sum
2157 1327 2209 1392 rol-

1260 1405 1358 1498 loqui
1379 1429 1459 1476 cum
1482 1403 1581 1496 Rege
1604 1409 1756 1504 Dauico.
1819 1410 1854 1480 ls
1876 1417 2014 1490 dicebat
2037 1418 2103 1515 πρὸ
2122 1419 2209 1512 rpiur

1259 1509 1391 1600 μηνῶν
1415 1501 1559 1606 μεγάλη
1580 1505 1765 1604 δυστυχία
1790 1509 1994 1613 καταλήψει
2019 1517 2085 1594 τὸν
2111 1525 2210 1618 Eric.

1261 1601 1361 1684 cciv.
1413 1607 1482 1679 Sed
1499 1635 1639 1682 oremus
1653 1611 1769 1682 Deum
1792 1631 1830 1684 ut
1853 1619 1991 1708 mitiget
2016 1647 2135 1715 poenas
2152 1653 2214 1720 pro·

1261 1726 1338 1803 pter
1360 1710 1493 1796 lilium,
1519 1725 1553 1782 et
1577 1714 1613 1780 iu
1641 1713 1691 1782 ira
1709 1715 1973 1790 misericordiae
1989 1747 2069 1794 suae
2085 1733 2215 1797 recorde-

1360 1809 1408 1883 Et
1423 1810 1728 1885 tuam-Ecclesiam
1745 1817 1970 1892 domesticam
1987 1851 2066 1897 vere
2080 1829 2217 1900 invocas.

1260 1928 1329 1984 tem
1355 1913 1470 2004 ipsum
1494 1928 1526 1984 et
1550 1915 1639 1986 alios
1663 1918 1731 1986 fide
1746 1931 1779 1988 et
1796 1919 2023 1996 invocatione
2045 1931 2218 2001 coniunctos

1261 2029 1429 2107 protegat.
1487 2013 1652 2087 Humana
1694 2021 1839 2091 consilia
1860 2025 1974 2095 -nulla
2008 2030 2117 2106 video.
2169 2032 2219 2103 sa

1260 2117 1355 2210 quod
1390 2117 1514 2186 suades
1548 2119 1682 2190 diutius
1709 2124 1924 2193 manendum
1962 2151 2056 2212 esse,
2094 2136 2221 2203 fortassis

1261 2219 1481 2288 commodius
1497 2220 1562 2288 erit
1578 2245 1784 2312 properare,
1802 2227 2007 2321 priusquam
2027 2235 2103 2304 viae
2118 2237 2222 2328 ubique

1262 2321 1385 2411 plenae
1402 2318 1473 2391 sint
1489 2321 1655 2394 rnilitum.
1706 2319 1803 2392 Bene
1821 2328 1907 2400 vale.
1961 2330 2078 2404 Tuam
2096 2333 2222 2406 chartam

1260 2421 1379 2490 statim
1402 2424 1595 2514 concerpsi.
1653 2419 1677 2506 †
1694 2423 1822 2495 Noster
1852 2429 1891 2499 in
1910 2428 2046 2504 Salluis
2071 2435 2224 2510 saxonicis

1403 2517 1415 2544 Ι

1260 2521 1343 2592 fecit
1357 2521 1520 2604 ἐξετασιν
1533 2525 1703 2617 equitum.
1713 2525 1730 2552 ”

1954 2685 2152 2785 Philippus.

1266 2911 1396 2928 m·-
1406 2917 1429 2926 u-
1437 2917 1450 2925 ··
1458 2915 1498 2932 '⁶¹0
1510 2915 2151 2946 n--wfflnv-*vvfflvo--w—-vmsn--p--a-u-a
2157 2931 2227 2944 -ι-Ο

1264 3073 1329 3146 No.
1347 3069 1460 3146 5070.

1270 3167 1442 3201 Μ

2062 3102 2138 3188 (10.
2151 3101 2231 3178 lllsrt.)

2083 3191 2229 3224 W

1667 3279 1850 3370 Eidem

1334 3435 1419 3507 Epist.
1433 3437 1479 3491 lib.
1494 3439 1543 3493 Vl.
1558 3456 1585 3509 p.
1601 3441 1657 3496 186.
1693 3442 1743 3497 llic
1760 3463 1788 3496 es
1807 3449 1973 3521 autographo
1989 3452 2017 3505 in
2033 3456 2101 3514 cod.
2118 3454 2234 3512 Monacl

1369 3525 1395 3576 p.
1414 3507 1486 3573 170„
1503 3511 1575 3576 quod
1590 3511 1753 3581 incriptione
1767 3527 1849 3579 caret,
1869 3518 1946 3572 cuius
1959 3531 2051 3574 autern
2070 3535 2111 3578 ter
2130 3527 2235 3578 ollaria-

1368 3584 1509 3644 gartnerus
1533 3578 1670 3648 inscripsit
1693 3582 1770 3635 haece
1807 3584 1972 3660 „Philippus
2001 3589 2070 3646 hinc
2096 3597 2237 3648 discessum·

1370 3643 1550 3698 tisamenus
1564 3646 1666 3700 Martio
1681 3652 1721 3703 sic
1735 3651 1802 3704 milri
1815 3667 1938 3722 precatus
1952 3663 2028 3712 αι’·
2050 3689 2080 3701 -
2119 3663 2190 3732 (Vid.
2207 3681 2237 3735 ep

1368 3709 1402 3766 sd
1418 3713 1524 3766 Camcr.
1539 3715 1567 3768 d.
1581 3717 1608 3772 (l.
1621 3717 1663 3772 29.
1678 3717 1767 3788 Febr.)

1266 3861 1450 3957 Precatio,
1484 3895 1559 3970 qua
1587 3866 1788 3972 Philippus
1815 3873 2043 3956 discessurus
2081 3887 2237 3966 valedicit

1265 3967 1752 4066 Baumgarincro‚
1786 3976 1918 4053 Mcrue
1950 3981 2129 4076 Martio,
2161 4015 2239 4062 nnnc

1690 4075 1849 4202 155210)ο

1266 4209 1420 4294 Numen
1437 4235 1478 4292 ut
1490 4225 1625 4295 aeterni
1639 4229 1779 4320 sapiens
1795 4243 1828 4304 et
1846 4233 1968 4304 dextra
1984 4235 2155 4314 Parentis

1317 4321 1475 4392 Protexit
1491 4321 1684 4396 Thalamos
1700 4325 1878 4402 Elisabeta
1901 4349 2000 4422 tuos,
2016 4401 2022 4410 .

1217 4522 1220 4528 Δ
1269 4423 1312 4494 ln
1329 4425 1458 4516 quibus
1474 4425 1645 4498 infantem
1663 4425 2019 4528 longaeva'puerpera
2035 4447 2180 4535 alebas,

1319 4525 1494 4596 Miscebas
1508 4529 1601 4598 curis
1617 4544 1651 4600 et
1664 4533 1722 4622 pia
1739 4548 1818 4605 vota
1835 4537 1918 4610 tuis.

1270 4626 1482 4720 Quanquam
1500 4645 1694 4718 grassantes
1711 4648 1782 4704 tota
1800 4633 1963 4710 Iordanis
1979 4643 2018 4712 in
2032 4671 2117 4734 ora,

1320 4726 1486 4822 Undique
1501 4731 1677 4801 saevirent
1691 4731 1843 4810 Parthus
1857 4733 2046 4838 Arabsque
2064 4763 2192 4828 truces.

1269 4825 1316 4900 Et
1332 4853 1532 4923 quanquam
1546 4833 1696 4904 fratrum
1713 4839 1882 4910 membris
1897 4845 2065 4940 pascique
2082 4880 2205 4926 cruore

1304 4929 1507 5006 ,lussissent
1522 4931 1666 5028 Lamyri
1681 4937 1792 5008 millia
1809 4955 1906 5030 capta
1923 4947 2053 5024 minae.

1271 5031 1329 5101 Tu
1346 5055 1465 5101 secura
1484 5049 1600 5105 tamen
1618 5037 1732 5106 divini
1745 5039 1903 5111 numinis
1921 5045 2057 5118 umbra'

1322 5131 1468 5223 figebas
1484 5135 1558 5208 nati
1574 5138 1670 5208 basia
1687 5141 1796 5212 multa
1814 5143 1923 5232 genis.

1272 5293 1488 5314 W

1184 5468 1187 5479 .
1241 5419 1242 5424 1
1308 5391 1340 5455 s,
1365 5393 1440 5448 ttsae
1464 5396 1607 5464 inscriptio
1630 5397 1716 5452 aliens
1740 5399 1918 5474 (spanhemii)
1942 5423 2025 5462 manu
2051 5417 2203 5483 praemissa
2222 5421 2245 5472 ol

1340 5465 1516 5533 autographo.
