4614 6226
244 311 319 390 435
808 308 1247 388 EPISTOLARUM
1307 309 1415 390 blB.
1448 309 1512 389 xl.
1566 309 1697 412 1549.
2177 319 2227 394 est

247 505 349 562 antea
363 487 403 561 C.
418 487 463 563 V.
479 485 736 580 pronunciarit.
787 481 933 555 Utinam
948 507 1083 576 poenae
1099 497 1242 574 stupro·
1262 497 1269 640 1
1290 483 1420 552 virtute
1436 482 1548 552 soceri
1562 475 1599 580 ⁶)
1619 483 1752 554 mentio
1769 483 1821 553 tui
1837 484 1926 557 iacta
1941 498 2044 569 esset,
2066 487 2186 577 petivit,
2204 507 2231 562 ut
2282 463 2284 558 l

249 617 331 664 rum
348 607 381 662 et
396 590 653 661 adulteriorum
670 585 864 658 crebriores
881 599 1005 660 essent.
1060 584 1129 658 Sed
1146 581 1243 654 Deus
1292 586 1429 655 aditum
1452 585 1484 654 ei
1505 585 1549 654 ad
1567 599 1602 655 te
1616 586 1847 678 patefacerem
1864 589 1952 657 meis
1967 588 2083 660 literis.
2127 587 2232 677 Quaeso
2282 615 2283 658 t

253 692 511 764 calamitatibus
525 690 677 784 publicis
694 702 849 759 nostram
865 687 1114 778 negligentiam
1129 687 1245 777 punit.
1293 686 1403 776 igitur
1418 699 1458 756 ut
1468 709 1553 758 eum
1569 702 1727 758 amanter
1743 687 1905 778 excipias.
1930 687 2062 759 Audies
2077 691 2235 762 recitantem

252 789 434 866 Sidonius
457 795 487 862 si
511 792 668 877 venerit,
708 813 833 878 magna
858 789 926 860 erit
952 789 1146 881 dissipatio.
1205 785 1246 858 Si
1294 783 1478 858 historiam
1512 790 1556 858 de
1591 779 1829 858 Crotoniensi
1858 785 1978 860 schola
2008 793 2235 868 memorabilem.

254 895 295 972 C.
311 895 356 971 V.
371 895 607 989 praecipietur
621 917 666 962 ne
682 893 923 975 concionetur,
948 903 983 960 et
998 915 1042 958 ne
1057 889 1146 960 ritus
1163 889 1246 958 illo-
1295 887 1387 961 Cum
1402 881 1602 961 Laterensi
1615 905 1771 982 optarem
1786 915 1842 960 me
1856 893 2011 984 colloqui
2026 913 2135 982 posse,
2155 895 2236 962 etuiri

254 1023 334 1070 rum
354 999 541 1090 impediat,
566 995 670 1064 credo
689 1017 790 1085 posse
806 992 846 1060 in
862 992 932 1062 alio
950 992 1081 1084 templo
1098 989 1245 1060 retineri
1296 992 1409 1062 multa
1423 1017 1480 1061 me
1496 993 1750 1084 impedimenta
1766 994 1864 1078 domi
1881 994 2108 1064 detinuissent
2121 990 2238 1074 λιθίασις

253 1101 331 1193 pios
346 1099 481 1170 ritus'et
496 1097 695 1168 conciones.
745 1093 816 1165 Sed
832 1089 917 1166 haec
932 1091 1007 1164 Deo
1024 1095 1247 1172 commendo,
1299 1109 1332 1163 et
1349 1094 1557 1186 scriptiones
1579 1095 1772 1188 quaedam,
1797 1095 1912 1164 multo
1926 1109 2008 1165 ante
2024 1097 2064 1164 ad
2081 1119 2138 1164 vos
2156 1119 2239 1164 enur-
2282 1083 2283 1132 ³

255 1227 383 1296 meque
405 1201 450 1270 ad
475 1200 578 1268 exilia
600 1213 634 1269 et
655 1196 827 1288 supplicia
853 1219 1036 1290 praeparo.
1089 1193 1249 1266 Servivi-
1298 1197 1433 1265 rissem.
1483 1195 1587 1266 Nunc
1610 1208 1751 1287 expecto
1772 1197 1903 1266 aulicas
1924 1199 2074 1281 litteras,
2097 1219 2172 1288 quas
2189 1221 2239 1266 con
2282 1225 2283 1236 ¹

256 1325 336 1372 mus
359 1297 486 1372 harum
510 1301 696 1390 regionum
711 1295 878 1369 Ecclesiis
903 1297 996 1370 inter
1019 1318 1162 1387 magnas
1179 1295 1248 1365 dif-
1299 1321 1484 1388 accepero‚
1506 1300 1555 1380 ad
1570 1322 1633 1366 vos
1648 1298 1861 1390 expatiabar.
1913 1297 2122 1382 Benevale,
2142 1297 2242 1368 carissi·

256 1405 445 1488 ficultates,
486 1404 599 1471 donec
624 1398 721 1470 Deus
756 1399 937 1470 concessit.
994 1397 1068 1468 Nec
1102 1421 1249 1467 moveor
1298 1424 1356 1470 me
1372 1395 1537 1488 Esrome,
1561 1399 1597 1476 S.
1616 1395 1700 1470 lctus
1714 1398 1809 1470 Iulii.

258 1499 557 1598 Ambsdorfianis
580 1499 784 1586 calumniis,
809 1501 939 1594 quibus
957 1499 1249 1592 respondebimus
1671 1483 1677 1490 ’
1806 1497 1996 1592 Philippus
2016 1494 2214 1571 Melanthos.

256 1609 421 1698 graviter.
472 1597 671 1675 Cracoviae
686 1601 877 1674 Academia
888 1601 1056 1693 dissipata
1071 1615 1140 1687 est,
1165 1599 1249 1694 quia
1571 1586 1580 1596 ’

258 1705 457 1782 scholastici
478 1705 563 1776 iussi
580 1721 662 1776 sunt
677 1705 796 1796 egredi
810 1703 910 1778 urbe.
960 1700 1052 1774 Nam
1067 1725 1147 1773 cnm
1163 1727 1249 1771 con·
1304 1725 1410 1734 ’··-··-
1470 1773 1474 1778 ,

256 1811 347 1880 vicia
371 1811 540 1880 dixissent
560 1819 675 1876 scorto
695 1802 884 1898 Episcopi,
916 1803 993 1874 rixa
1014 1817 1091 1874 orta
1112 1818 1183 1888 est,
1210 1803 1250 1872 in
1892 1831 1895 1842 ·

257 1937 327 2005 qua
359 1936 439 1982 cum
474 1909 641 1978 satellites
664 1903 833 1998 Episcopi
858 1905 997 2000 aliquot
1022 1901 1250 1976 scholasticos
1313 1865 1506 1944 N⁰⁴4564⁰
1815 1903 1818 1908 ’
2124 1866 2245 1991 Q

258 2014 533 2092 interfecissent,
562 2034 645 2078 mou
662 2008 772 2102 aliqui
788 2031 830 2078 ex
844 2007 905 2076 illa
921 2003 1089 2098 Episcopi
1104 2001 1249 2078 cohorte
1323 2007 1327 2014 ’
1635 2047 1641 2052 -
1843 1991 1871 2078 “.
2283 2057 2284 2094 ,

256 2116 362 2186 otiam
378 2109 546 2184 trucidati
561 2122 656 2182 sunt.
695 2108 748 2178 lta
762 2105 936 2180 Diabolus
950 2109 1034 2178 iacit
1049 2107 1251 2200 dissipatio·
1653 2055 1721 2144 M·
1749 2055 1943 2146 c⁰um00
2283 2095 2284 2150 l

257 2241 331 2292 nes.
376 2211 533 2286 Oremus
556 2223 672 2281 autern
696 2209 829 2280 Filium
845 2204 933 2296 Dei,
961 2205 1160 2280 Dominum
1183 2234 1251 2278 no-
1401 2208 1718 2282 *sternpogutneoa
1738 2207 1827 2270 Paris.
1846 2215 1937 2270 n.1..'
1954 2213 2021 2272 ⁵⁴⁸·

258 2334 371 2389 strum
392 2317 507 2386 lesum
524 2307 725 2398 Christum,
757 2313 937 2382 custodem
953 2306 1131 2383 Ecclesiae
1155 2333 1250 2392 suae,

257 2433 301 2490 ut
325 2419 468 2509 colligat
490 2415 559 2488 sibi
581 2414 674 2486 inter
689 2437 774 2499 nos,
801 2425 836 2484 et
851 2425 983 2498 servet,
1009 2425 1044 2484 et
1060 2425 1156 2506 regat
1172 2414 1251 2508 pios

257 2535 389 2594 coetus·
426 2517 525 2590 Bene
542 2513 771 2591 valealGV.
795 2512 932 2587 aldus
949 2511 1045 2590 lulli·
1303 2505 1351 2594 S·
1375 2515 1420 2586 D.
1470 2513 1518 2589 Et
1533 2513 1646 2590 haheo
1662 2521 1728 2591 tibi
1744 2521 1891 2611 gratiam
1906 2525 2004 2616 quod
2024 2547 2127 2614 saepe
2142 2529 2249 2588 amanter

1303 2623 1346 2692 acl
1369 2642 1436 2688 nos
1457 2619 1601 2704 scribis,
1628 2635 1662 2691 et
1685 2625 1798 2693 donec
1822 2637 1944 2716 potero
1969 2637 2092 2695 tecum
2112 2621 2251 2710 colloquar·

1303 2722 1394 2794 Nam
1418 2720 1456 2788 in
1481 2715 1537 2790 his
1561 2723 1769 2795 tristissimis
1786 2725 2087 2817 dissipationibus
2103 2721 2251 2816 speciesta

1303 2847 1386 2894 men
1399 2817 1582 2894 honestior
1595 2821 1772 2904 Ecclesiae
1786 2841 1922 2914 manet,
1947 2827 1977 2896 si
1996 2827 2106 2898 multi
2121 2820 2252 2894 uostrior·

258 2925 326 2998 No.
344 2921 455 2999 4565.
965 2941 967 2952 ’
1106 2921 1235 2998 1s.1u1.
1305 2923 1399 2996 dinis
1412 2919 1576 2996 homines
1591 2951 1800 2999 consensum
1815 2941 1850 2999 et
1863 2927 2062 3000 amicitiam
2077 2926 2163 2999 tueri
2177 2919 2249 2992 stude

265 3021 437 3056 Μ
725 3057 736 3068 ·
910 3050 913 3058 ’
1074 3015 1247 3052 '‘⁹⁶''
1304 3029 1413 3112 bunt,
1438 3027 1532 3120 quod
1558 3041 1651 3099 certe
1672 3030 1809 3102 faciam.
1861 3028 2024 3118 Quidam
2045 3044 2175 3100 veteres
2191 3015 2253 3092 anitl

548 3121 652 3212 ΕΒΓ.
676 3121 965 3236 Rudittgero.
1305 3131 1418 3202 nostri
1443 3129 1547 3199 nobis
1570 3130 1608 3198 in
1634 3124 1698 3201 bac
1707 3143 1834 3200 nostra
1850 3133 2026 3204 servitute
2044 3132 2197 3203 duriores
2208 3129 2254 3192 situl

1305 3255 1411 3324 quam
1435 3232 1550 3315 decet,
1577 3233 1638 3324 qui
1655 3231 1769 3302 lenire
1785 3247 1923 3304 nostras
1937 3234 2106 3305 miserias
2122 3229 2257 3301 debebant

1305 3333 1376 3406 Sed
1397 3327 1483 3401 haec
1501 3332 1639 3407 omitto.
1688 3331 1856 3404 Arbitror
1876 3337 1921 3404 de
1935 3331 2157 3406 Academiae
2177 3321 2258 3400 studit

1305 3434 1412 3506 scribi
1428 3457 1446 3502 a
1463 3428 1649 3508 Aiartino.
1698 3433 1777 3506 Vox
1793 3437 1975 3506 doctrinae
1991 3439 2260 3521 eademnque

271 3561 275 3580 ‘
311 3583 315 3592 2
1305 3536 1492 3616 audivisti,
1517 3559 1583 3606 nec
1599 3536 1671 3606 ulla
1686 3537 1836 3608 mutatio
1851 3538 1942 3608 facta
1958 3551 2027 3610 est.
2069 3529 2262 3622 Deusgubo·

261 3619 310 3708 S.
334 3633 383 3706 D.
442 3627 570 3711 Τέττιξ
595 3621 669 3721 ptr
697 3621 833 3725 vfwt‘t
852 3619 988 3744 pilos,
1018 3615 1191 3742 μύρμίξκῑ
1212 3615 1254 3694 δὲ
1306 3652 1366 3710 net
1387 3659 1454 3707 nos
1477 3649 1511 3707 et
1533 3637 1638 3708 saciat
1659 3661 1725 3706 nos
1746 3631 1857 3733 σκεύη
1873 3635 2009 3720 ἐλέους.
2067 3620 2262 3725 Pagellastili

261 3728 427 3830 μύρμαξ·
485 3729 527 3800 ld
562 3755 642 3800 tum
674 3742 817 3798 stivam
850 3742 982 3800 mecla
1015 3726 1078 3796 ¹¹1³
1105 3737 1254 3806 mmuta,
1305 3739 1424 3826 mitto,
1449 3752 1485 3808 et
1506 3752 1547 3809 ut
1567 3737 1738 3808 rescribas
1762 3754 1923 3811 amanter
1946 3755 2049 3832 peto.
2103 3726 2264 3810 Beneralt

262 3859 352 3932 quae
367 3857 433 3904 nec
448 3853 587 3916 causas,
615 3853 679 3900 nec
695 3827 813 3899 Deum
832 3829 1093 3902 consociantem
1110 3839 1254 3896 naturas
1303 3831 1685 3916 &101131111511542
1747 3839 1902 3933 collegis
1926 3841 2000 3914 tui,
2027 3841 2155 3914 amicis
2178 3826 2263 3905 nostis

262 3949 420 4020 norunt,
445 3945 579 4028 quanto
599 3931 710 4020 magis
725 3953 806 4016 nos,
831 3931 962 4022 quibus
975 3941 1010 4000 et
1026 3929 1116 3999 ratio
1133 3949 1254 3999 causas
1304 3944 1452 4014 ,aluum
1473 3954 1570 4035 opto,

215 4089 219 4098 ·
263 4050 454 4121 monstrat,
487 4047 522 4104 et
555 4056 623 4102 vor
651 4032 775 4102 divina
806 4031 908 4102 toties
934 4029 1107 4124 praecipit
1132 4053 1254 4100 curam

262 4141 416 4214 tuendae
433 4133 714 4218 coniunctionis,
737 4145 915 4224 praestare
931 4131 1101 4226 oportuit,
1125 4153 1171 4200 ne
1188 4155 1255 4200 na·
1308 4155 1568 4170 ·····-·······-···
1871 4211 1878 4214 -

261 4258 362 4316 turae
378 4253 414 4313 et
427 4237 639 4331 religionum
653 4236 796 4305 foedera
811 4235 1018 4308 laceremus.
1060 4231 1131 4305 Sed
1147 4232 1256 4318 vides,

263 4345 385 4442 quales
399 4341 472 4412 sint
486 4341 623 4438 furores
636 4339 675 4407 in
690 4335 831 4422 multis,
857 4335 920 4430 qui
936 4346 1055 4408 umen
1075 4327 1256 4430 perhiberi
1305 4299 1372 4373 ΝΟ·
1390 4293 1504 4375 4565·
1593 4355 1600 4366 ·
2136 4295 2266 4424 st

229 4449 392 4520 'volunt
419 4433 666 4539 μυσταγωγοί
692 4439 852 4510 coelestis
873 4437 1073 4524 doctrinae,
1103 4461 1169 4507 nec
1191 4459 1256 4506 au·
1618 4478 1647 4507 -.
1698 4487 1707 4507 .
1925 4485 1935 4506 .

263 4549 371 4622 diunt
390 4568 514 4618 vocem
536 4544 654 4625 illam,
684 4538 810 4640 quiin
836 4533 1029 4611 dilectione
1048 4545 1189 4620 manet,
1216 4534 1255 4607 in
1410 4577 1412 4582 ·
1537 4481 2088 4610 Ghmmnfflegfflan·

263 4647 349 4722 Deo
371 4653 506 4729 manet.
554 4641 630 4715 Nos
651 4665 735 4712 vero
760 4641 953 4715 amicitiam
978 4654 1135 4713 nostram
1157 4653 1258 4711 tuoa-
1377 4646 1622 4718 &eumentes
1652 4647 1742 4716 estete
1762 4661 1797 4706 ss
1812 4649 1852 4705 ste
1870 4645 1970 4718 sertae
1990 4647 2023 4706 ta
2043 4647 2163 4708 mam
2191 4624 2271 4694 rant·

264 4777 346 4824 mur
359 4766 393 4822 et
407 4751 588 4820 foveamus
605 4743 735 4840 quibus
750 4767 937 4834 possumus
952 4743 1088 4818 officiis.
1126 4739 1176 4813 Et
1191 4741 1259 4811 ali·
1412 4735 1438 4791 Ρ·
1451 4717 1496 4774 ²⁵·
2281 4757 2282 4790 t

264 4877 419 4950 quorum
433 4848 548 4923 nostri
563 4845 700 4918 ordinis
715 4843 873 4915 virorum
888 4845 1092 4917 coniunctio
1107 4845 1257 4938 speciem
1432 4867 1512 4968 (07,
1522 4872 1587 4945 ,53
1597 4881 1610 4943 ι
1618 4871 1728 4944 pm
1751 4865 1859 4958 111⁶,
1881 4865 1988 4968 ΒΨ·
2000 4867 2196 4968 Dama)

264 4951 452 5026 Ecclesiae
458 4951 563 5022 efficit
578 4945 832 5020 honestiorem.
1731 5023 1734 5026 Ι

342 5066 485 5160 Expetit
505 5081 623 5140 autem
645 5063 834 5138 amicitiam
853 5076 947 5133 tuam
960 5057 1019 5132 hic
1035 5075 1157 5132 noster
1169 5059 1259 5130 ami·
1309 5005 1453 5110 &mii
1476 5021 1575 5098 ΘΜ
1597 5018 1689 5110 ”mi
1713 5021 1813 5112 lilim
1835 5019 2076 5114 ‘ind‘lmbmll
2092 5007 2277 5114 3⁰¹)le

219 5141 227 5154 .
268 5195 330 5242 cus
353 5171 401 5242 D.
416 5163 620 5252 Nimiam,
645 5165 779 5262 Cygnei
802 5163 955 5236 Senatus
977 5156 1170 5244 σύνδικος,
1196 5157 1259 5254 qni
1307 5125 1486 5219 §illinunt
1518 5123 1630 5273 “uli-‘¹¹
1654 5123 1794 5220 *iiiam
1824 5124 1887 5198 ”lib
1918 5121 2169 5222 llssilllfliflil‘¹¹
2192 5107 2278 5211 Μ’

259 5274 313 5344 ‘de
336 5267 455 5342 schola
474 5273 575 5342 urbis
598 5265 761 5366 Cygneae
782 5291 863 5338 curn
886 5263 1043 5336 Domino
1063 5257 1261 5334 lonchimo
1310 5277 1531 5296 ········”“···

267 5374 527 5446 deliberaturus
547 5383 610 5446 est.
671 5369 742 5442 Sed
767 5393 848 5440 cum
871 5367 939 5440 iter
960 5366 999 5434 in
1023 5365 1174 5458 patriam
1199 5364 1259 5434 in·
1341 5345 1654 5475 ⁸'.fi.2,'2{}2'³³t‡,2llf
1665 5344 1751 5429 filiurn
1765 5343 1886 5468 hzbqtqq
1895 5343 2037 5429 maome·
2052 5346 2194 5417 notingo
2209 5336 2278 5448 ἕως.

1510 5457 1518 5472 .
1647 5427 1719 5488 gitur
1737 5433 1768 5468 er
1805 5453 1813 5471 .
1839 5457 1846 5472 .
1889 5415 2065 5488 asdingorum
2080 5407 2227 5474 madius

267 5499 423 5570 gressum
446 5495 521 5545 esse
544 5471 819 5558 audivissemus,
850 5493 892 5541 ae
915 5468 956 5540 in
971 5467 1196 5540 sermonibus
1213 5467 1259 5538 de
1293 5541 1296 5545 ,
1377 5501 1465 5544 arun
1480 5505 1538 5544 eus
1550 5487 1580 5544 in
1591 5485 1741 5546 eudemi·
1754 5481 1897 5558 uptam.

1301 2358 1360 2434 M
1363 2373 1410 2434 al
1419 2373 1432 2436 t
1441 2360 1556 2440 leaeo
1583 2361 1776 2442 Collino
1803 2369 1844 2440 in
1868 2365 2078 2442 Academia
2105 2361 2247 2462 Properti.

327 3305 405 3364 asu
418 3303 447 3360 in
464 3300 598 3360 sonent
610 3303 699 3362 meurs
713 3301 833 3370 nerag.
852 3298 884 3356 P.
897 3299 932 3356 11.
950 3317 978 3372 p.
991 3297 1024 3354 t!
1035 3314 1096 3371 sqq.
1116 3297 1228 3368 (Dana)

503 3476 703 3551 Esromo
727 3471 1008 3573 Rudingero
