4734 6214
227 333 278 408 tt

229 493 458 599 βιαζομίνου
471 490 539 590 τὴν
554 484 760 588 ἐκκλησίαν.
811 488 882 561 Sed
898 487 1054 580 colloqui
1068 511 1132 580 per
1145 487 1227 556 lite-

231 627 289 676 ras
304 603 374 674 alio
390 601 498 699 modo
512 596 718 690 poterimus.
753 590 794 664 Β.
812 590 856 666 V.
889 589 1036 664 Calend.
1055 585 1204 680 August.

223 936 300 1008 No.
319 929 432 1005 4818.

236 1029 438 1065 Μ

1081 936 1114 997 8.
1130 923 1213 1010 Aug.

1067 1019 1229 1045 m

442 1116 640 1228 Georgia
660 1051 816 1198 Princ.
836 1111 1032 1200 Anhalt.

303 1293 390 1367 epis.
406 1289 455 1348 ιιι.
468 1288 506 1349 ιι.
525 1308 553 1361 ι.
565 1287 627 1346 ess.
651 1286 708 1357 <ec
721 1285 807 1342 nna.
824 1285 870 1341 ιιι.
886 1287 924 1341 ιι.
944 1305 988 1360 a..
999 1288 1083 1357 sse).

372 1441 427 1520 D..
453 1442 661 1542 Georgia
688 1439 860 1542 Principi
883 1443 923 1514 in
947 1439 1095 1516 Ankale

234 1585 286 1676 S·
310 1599 356 1674 D.
409 1593 651 1670 illustrissime
671 1609 705 1664 et
723 1591 1034 1664 Reverendissime
1055 1591 1237 1684 Princeps,

140 1751 147 1762 ·
233 1702 314 1776 Etsi
330 1700 481 1772 maxime
497 1699 682 1788 cupiebam
700 1719 781 1764 cum
795 1695 835 1769 C.
854 1693 898 1768 V.
916 1695 1089 1788 colloqui:
1117 1701 1236 1766 tamen

233 1805 321 1900 qnia
343 1816 422 1896 post
444 1802 514 1871 iter
536 1797 702 1868 Doctoris
721 1789 902 1866 Mile'cleii
921 1797 1051 1868 retinet
1070 1821 1127 1866 me
1151 1820 1236 1887 pro-

234 1907 345 1977 motio
373 1902 515 1974 Medica
532 1893 591 1996 1),
624 1899 769 1969 differre
792 1899 1047 1990 profectionem
1072 1900 1116 1966 ad
1135 1891 1236 1966 Des-

233 2031 315 2080 sam
333 2029 438 2098 cogor
455 2005 494 2072 in
512 2002 708 2094 proximam
723 2001 968 2092 septimanam.
1021 1998 1238 2071 Remoratur

235 2110 340 2181 etiarn
356 2130 414 2176 me
429 2103 546 2178 subita
565 2101 806 2173 consternatio
823 2101 986 2172 Doctoris
1001 2094 1046 2170 F
1042 2095 1144 2170 endii
1157 2098 1239 2171 Me-

235 2212 326 2296 dici,
352 2208 453 2279 cuius
471 2205 628 2274 coniunx
650 2197 798 2274 honesta
816 2215 978 2274 matrona
999 2199 1079 2272 heri
1095 2203 1134 2271 in
1154 2226 1239 2294 pro-

235 2313 390 2384 fundum
406 2310 543 2378 iontem
560 2305 723 2396 delapsa,
750 2306 807 2372 vix
823 2319 960 2396 recepta
979 2319 1041 2375 est.
1084 2299 1136 2374 Ac
1151 2304 1240 2372 vivit

236 2415 300 2484 illa
331 2410 494 2505 quidem,
533 2409 594 2477 sed
618 2420 742 2480 tamen
774 2419 931 2494 aegrotat
956 2431 1036 2478 cum
1062 2405 1239 2497 periculo;

237 2518 335 2590 Deus
350 2535 426 2580 earn
443 2522 568 2588 servet,
591 2519 626 2576 et
642 2506 780 2596 mitiget
796 2508 899 2576 nobis
914 2509 1081 2578 omnibus
1097 2529 1240 2600 poenas.

237 2614 412 2688 Pascentes
432 2607 599 2680 historias
622 2607 748 2698 scripsi
774 2608 814 2676 in
837 2611 993 2699 pagella,
1027 2633 1134 2703 quam
1157 2604 1241 2678 huic

239 2715 409 2808 epistolae
435 2711 571 2782 addidi.
630 2706 729 2784 Bene
755 2721 790 2781 et
816 2709 967 2781 feliciter
991 2713 1106 2782 valeat
1132 2707 1172 2782 C·
1198 2706 1241 2782 V.

239 2815 308 2890 Die
325 2817 360 2886 d.
376 2811 540 2904 Augusti.

247 3021 714 3042 ’.ΗΠ-*Μ

262 3151 330 3224 No.
345 3147 460 3222 4314.

249 3248 462 3286 Μ

420 3426 423 3434 ,
470 3329 597 3416 Hier.
626 3327 1017 3439 Baamgartnero.

313 3509 398 3632 Eplipt.
411 3506 458 3564 lib.
471 3505 564 3628 quop.
580 3505 648 3630 “li
668 3505 779 3628 ‘ppog'q
792 3505 902 3628 ioMcad.
916 3505 999 3628 Gloth.
1013 3510 1078 3631 211²!⁷
1092 3529 1118 3582 p.
1130 3508 1245 3632 2¹15)..-
1267 3535 1271 3615 q

345 3593 683 3726 ‘cppqroniuadqppmq
703 3593 783 3698 alchi
790 3663 798 3696 ι
823 3593 1036 3716 ,lideldtigtllti
1057 3597 1150 3704 lildl'
1165 3597 1246 3706 lilii.
1268 3635 1271 3687 1

346 3731 449 3784 ¹accept.

1083 3163 1118 3224 ,3.
1135 3150 1218 3236 Aug.

1062 3243 1233 3272 Μ

247 3864 473 3952 Clarissimo
497 3867 574 3938 viro
591 3907 639 3924 -
656 3863 772 3938 Dem.
797 3845 1086 3967 Hieronymo
1108 3871 1247 3945 Bam.

373 3996 432 4068 ga
445 3980 485 4039 rt
496 3995 520 4039 n
531 3992 621 4055 ero,
646 3965 824 4040 Senaton'
835 3967 1037 4070 Noriberg.
1057 3985 1118 4051 etc.

249 4103 299 4195 S·
321 4115 366 4190 D·
417 4113 466 4188 Ut
482 4111 719 4186 Philoxenum
735 4114 976 4212 Syracusanus
1002 4122 1063 4192 ille
1084 4123 1123 4192 in
1139 4123 1248 4196 Lato-

251 4222 340 4292 mias
358 4217 444 4288 duci
464 4218 564 4287 iussit
584 4213 900 4308 reprehendentem
918 4221 1171 4314 Tragoediam,
1199 4229 1249 4300 ita

252 4345 350 4394 nunc
369 4321 409 4388 in
422 4318 578 4410 periculo
593 4333 693 4403 sunt,
718 4319 781 4412 qui
797 4345 869 4414 pon
887 4325 1110 4416 applaudunt
1125 4323 1250 4419 Augu-

254 4440 355 4495 stano
370 4419 552 4503 Po'c'mati,
578 4415 718 4488 etmihi
738 4425 887 4492 suadent
908 4427 1027 4513 multi,
1052 4443 1091 4500 ut
1107 4431 1249 4521 ingiam.

254 4523 333 4598 Etsi
349 4517 409 4594 hic
429 4545 508 4592 sum
520 4517 647 4616 ὥσπερ
660 4519 748 4603 ὄνος
763 4523 805 4595 ἐν
821 4519 1012 4620 πιθήκοις,
1041 4530 1134 4604 inter
1158 4535 1251 4604 auli-

256 4651 317 4697 cos
346 4623 537 4716 sapientes,
573 4636 693 4696 tamen
726 4619 895 4697 hactenus
929 4633 1062 4718 mansi,
1096 4636 1252 4726 cogitans

816 307 1251 390 EPISTOLARUM
1301 317 1406 390 Llll.
1440 315 1506 394 Xl.
1560 315 1687 392 1548.

2223 321 2272 392 92

1277 502 1393 560 etatem
1415 486 1603 577 adhortor,
1628 503 1669 562 ut
1685 489 1802 561 dolori
1817 503 1879 566 tuo
1900 513 2076 584 repugnes
2098 501 2131 560 et
2155 483 2222 559 hac
2242 501 2278 559 te

1277 615 1338 683 spe
1353 607 1537 675 sustentes,
1555 595 1649 687 quod
1667 607 1801 688 certum
1817 605 1868 661 est
1878 590 2181 663 Deumllcclesiae
2195 616 2279 660 suae

1278 717 1353 762 non
1367 697 1573 766 defuturum
1591 719 1680 764 esse:
1711 694 1787 764 lmo
1805 707 1839 764 et
1855 695 1930 786 pins
1950 696 2103 764 santilias
2120 707 2282 763 servatu-

1278 820 1358 866 rum
1388 819 1481 883 esse,
1515 813 1556 869 nt
1584 799 1848 888 scriptumest,
1880 789 2080 866 Generalis
2105 804 2283 864 rectorum

1279 893 1514 972 benedicetur.
1564 898 1661 968 Bene
1681 911 1715 968 et
1738 898 1912 968 foeliciter
1936 900 2024 968 vale.
2083 897 2192 968 Mitto
2215 898 2284 968 tihi

1279 995 1504 1096 Hieronymi
1518 1001 1626 1072 vitam
1645 1001 1692 1094 *).

2024 1095 2226 1196 Philippus.

1282 1476 1475 1552 anssld.

1289 1575 1461 1604 Μ

2072 1479 2137 1562 (ιι.
2155 1481 2262 1564 ιιι.)

1590 1665 1722 1780 Casp.
1751 1663 1969 1778 Aquilae.

1353 1847 1372 1914 †
1392 1841 1428 1897 Er
1441 1841 1597 1915 apographo
1618 1842 1646 1897 in
1662 1844 1724 1898 cod.
1742 1841 1828 1897 Paris.
1841 1843 1878 1896 D.
1892 1841 1924 1898 L.
1936 1841 1969 1897 51
1977 1843 1996 1897 ³.

1285 1991 1500 2098 Casparo
1534 1981 1757 2100 Aquilae,
1794 1995 1966 2084 (Pastori
1990 1999 2180 2076 Ecclesiae
2208 2003 2296 2080 Dei
2348 1973 2349 1980 ¹

1587 2103 1628 2174 in
1646 2099 1781 2200 oppido
1797 2099 1983 2194 Saleeld.)

1286 2238 1502 2322 Reverende
1517 2253 1574 2320 vir
1595 2265 1630 2321 et
1646 2251 1823 2321 carissime
1845 2252 1965 2326 irater.
2016 2249 2143 2323 Donec
2161 2279 2297 2348 possu-

1288 2381 1367 2424 mus
1385 2355 1650 2447 colloquamur,
1675 2367 1710 2423 et
1733 2353 1833 2422 omni
1850 2353 1968 2424 studio
1992 2353 2172 2424 foveamus
2199 2383 2296 2428 con-

1288 2479 1428 2526 sensum
1437 2453 1675 2525 Ecclesiarnm
1692 2455 1731 2522 in
1743 2479 1846 2524 verae
1862 2469 1897 2525 et
1911 2455 2136 2550 incorruptae
2154 2463 2298 2529 doctri·

1287 2582 1354 2628 nae
1371 2557 1634 2650 propagatione.
1686 2549 1765 2624 Etsi
1779 2569 1895 2626 autem
1914 2581 2061 2650 magnac
2080 2573 2113 2630 et
2134 2555 2294 2630 horren-

1289 2661 1354 2729 dae
1370 2671 1503 2728 suntet
1524 2671 1629 2728 erunt
1652 2659 1879 2726 confusiones
1896 2653 2145 2750 imperiorum,
2165 2675 2293 2734 tamen

1289 2763 1383 2831 inter
1401 2757 1464 2829 has
1478 2762 1600 2828 ruinas
1617 2783 1817 2850 speremus,
1841 2759 1957 2831 Deum
1975 2777 2195 2832 servaturum
2213 2789 2298 2836 esse

1289 2863 1435 2956 aliquod
1463 2886 1584 2931 semen
1612 2873 1795 2946 sanctum,
1827 2864 2030 2956 etquidem
2061 2862 2097 2934 in
2123 2857 2178 2934 his
2202 2869 2301 2957 ipsis

1290 2965 1394 3050 locis,
1419 2965 1484 3034 ubi
1501 2977 1603 3034 sonat
1621 2988 1687 3032 vox
1701 2959 1907 3052 Evangelii,
1933 2977 1967 3035 et
1983 2967 2021 3034 in
2039 2965 2186 3036 familiis
2209 2971 2301 3060 pio-

1290 3092 1389 3152 rum,
1414 3081 1456 3136 ut
1472 3067 1647 3156 scriptum
1659 3077 1725 3134 est:
1752 3067 1970 3154 generationi
1987 3081 2163 3138 rectorum
2180 3071 2303 3144 bene-

1291 3171 1440 3240 dicetur.
1493 3165 1562 3236 Pro
1579 3167 1649 3236 tuis
1664 3165 1777 3235 literis
1797 3163 1884 3236 mihi
1902 3193 2017 3260 nuper
2033 3170 2148 3239 missis
2162 3177 2305 3262 gratias

1291 3272 1356 3340 tibi
1373 3293 1448 3359 ago,
1471 3281 1504 3337 et
1517 3270 1619 3338 mitto
1637 3267 1749 3335 eitam
1762 3263 1987 3364 Hieronymi
1999 3285 2033 3342 et
2047 3271 2168 3342 dulces
2184 3300 2304 3368 quas·

1292 3375 1373 3440 dnm
1392 3366 1546 3464 Sn'gelii
1565 3369 1702 3461 elegias.
1754 3365 1948 3441 Orationes
1966 3373 2148 3444 continent
2164 3401 2309 3450 conso-

1292 3473 1443 3542 lationes
1465 3473 1745 3544 accommodatas
1773 3466 1857 3541 huic
1879 3476 2041 3564 tempori.
2093 3473 2192 3546 Bene
2215 3484 2307 3551 vale

1293 3591 1327 3648 et
1359 3575 1475 3643 scribe
1510 3573 1659 3666 saepius.
1726 3571 1895 3644 Civitates
1928 3573 2120 3648 Saxonicae
2154 3579 2311 3675 aliquot

1294 3676 1475 3746 communi
1488 3697 1663 3745 consensu
1677 3675 1921 3762 decreverunt,
1946 3702 1983 3748 se
2000 3703 2075 3750 non
2089 3697 2310 3774 recepturos

1294 3803 1367 3849 esse
1392 3773 1588 3870 Sphingem
1606 3775 1861 3867 Augustanam.

2045 3875 2255 3978 Philippus.

1314 4231 1380 4303 No.
1394 4230 1506 4304 4316.
1589 4272 1594 4280 .

1303 4329 1516 4366 m

2079 4275 2082 4280 ·
2137 4245 2171 4311 d.
2190 4243 2295 4334 Aug.

2114 4331 2311 4372 *OQ

1423 4418 1492 4507 Io.
1513 4445 1544 4502 a
1559 4417 1704 4504 hasco
1726 4417 1793 4526 ad
1810 4417 2169 4512 Melantlonem.

1368 4578 1391 4649 ι
1408 4575 1578 4634 ιιοιι...
1592 4575 1655 4634 vn.
1668 4577 1691 4637 1.
1709 4597 1736 4651 p.
1752 4575 1828 4632 rost.

256 4729 348 4798 illud
364 4725 519 4806 dictum,
543 4721 582 4795 αἱ
605 4719 727 4820 τρίχες
747 4730 811 4820 τῆς
830 4733 992 4826 κεφαλῆς
1010 4729 1121 4828 ὑμῶν
1136 4743 1253 4810 πᾶσαι
1299 4729 1530 4804 Dactissima
1543 4727 1726 4832 eidemque
1738 4727 1964 4827 fidelissimo
1979 4731 2168 4812 Ecclesiae
2186 4733 2336 4823 Chri.

257 4825 506 4922 ἠρίθμηνται,
532 4851 657 4920 meque
680 4840 715 4897 et
732 4823 925 4900 Ecclesiam
941 4833 1017 4910 Deo
1033 4842 1254 4913 commendo,

258 4927 332 5002 Nec
354 4929 509 5020 prolecto
528 4927 647 4998 minus
671 4929 811 5000 crucior
827 4933 1037 5023 cogitat-ione
1060 4960 1255 5026 causarum,
1276 4884 1281 5008 1

244 5032 357 5102 ‘unde
376 5025 464 5101 haec
479 5029 572 5098 mala
586 5043 667 5100 orta
691 5045 793 5118 sunt,
820 5059 924 5131 qnam
946 5055 1149 5117 eventuum.
1202 5041 1255 5112 Te
1278 5049 1281 5128 ξ

1278 5135 1281 5170 1

264 5211 489 5232 nuh—*⁸*-

296 5329 328 5398 Ι1)
347 5329 444 5384 Petrus
462 5329 510 5385 stt
521 5333 606 5411 'lenus
620 5329 810 5404 Torgarieesis
828 5339 976 5394 ornabatur
992 5341 1081 5417 gradu
1101 5345 1258 5406 doctoratus

331 5417 362 5538 ἒ
380 5408 438 5524 ppqe
459 5419 500 5452 are
531 5419 561 5454 ce
584 5401 611 5453 d.
632 5403 658 5457 7.
677 5403 746 5474 Aug.
763 5403 840 5460 1518.
881 5405 946 5466 vict.
966 5411 1065 5484 Scapt
1088 5413 1161 5488 publ.
1187 5415 1257 5474 T.t.

1300 4835 1352 4906 sti
1365 4831 1420 4912 D.
1436 4833 1491 4910 D.
1516 4829 1644 4910 Phil.
1669 4829 1990 4924 Melanthum,
2007 4838 2145 4936 sralri,
2167 4853 2335 4944 amico,

1486 4947 1518 5006 et
1530 4937 1759 5037 praeceptori
1770 4933 2114 5019 observandissime.

1304 5071 1428 5156 Hodie
1450 5109 1592 5155 rursum
1616 5089 1734 5182 accepi
1753 5089 1874 5160 literas
1894 5114 1914 5162 a
1933 5080 2224 5186 Cantauriensi,
2265 5111 2343 5184 vir

1304 5187 1527 5274 doctissime,
1560 5190 1690 5282 quihus
1716 5193 1837 5264 denuo
1861 5216 1882 5264 a
1904 5217 1962 5264 me
1982 5196 2088 5290 petit,
2123 5215 2164 5274 ut
2186 5215 2343 5284 tecum

1305 5367 1514 5386 ψ

1341 5484 1373 5558 *1
1392 5485 1454 5543 tu·
1465 5505 1562 5544 ιιιιιιιιι
1577 5485 1734 5558 ιᾶιιιὶμίιι
1750 5484 1777 5545 3.
1788 5487 1860 5558 Aeg.
1875 5489 1952 5550 tsts.
