4624 6216
80 327 148 404 000

80 499 230 576 missum.
278 495 348 570 Die
367 499 425 575 13.
443 497 600 571 ianuarii
623 501 709 587 iter,
735 502 831 595 quod
854 499 1007 572 lanatum
1033 511 1068 570 et

637 321 1070 406 nrtsronattttat
1120 323 1338 406 Lusxtt.
1391 317 1523 401 1662.

2039 316 2117 394 010

1120 512 1339 592 tempestates
1370 509 1405 570 at
1433 507 1581 590 propter
1612 493 1779 588 syderum
1809 489 1964 585 posltnnr
1994 499 2116 562 matus

82 603 156 672 ielis
176 603 242 680 sit.
267 600 458 692 ingressuri
482 625 614 674 sumus.
665 602 720 674 De
742 603 895 694 publicis
915 600 1068 694 negotiis
1117 603 1212 672 luem
1226 613 1460 694 massstusem
1475 619 1560 668 esse.
1610 591 1689 668 Oro
1704 605 1823 666 autem
1833 593 1950 682 ‚filium
1963 585 2048 672 Dei,
2073 602 2115 660 ut

83 717 209 772 tantum
235 697 322 772 baec
340 704 467 773 audio:
493 701 692 774 Electorem
713 701 847 774 Ducem
868 699 1067 774 Saxnnr'oe
1117 728 1184 774 nos
1209 717 1325 774 servet
1350 701 1556 773 incolumes.
1622 695 1844 782 benevale,
1886 693 1944 766 die
1972 688 2115 764 1011-

80 805 311 896 proiecturum
344 827 418 874 esse
448 805 491 874 ad
520 801 785 897 Imperatorem.
840 799 919 874 Oro
949 818 1065 876 autem
1117 806 1246 881 nuccii.

82 905 206 975 Filium
230 903 298 974 Dei
322 901 518 975 Dominum
538 919 699 976 nostrum
730 903 846 974 lesum
871 901 1066 990 Christum,

1835 890 1931 967 Phil.
1957 893 2011 967 M.

80 1020 116 1078 ut
130 1005 274 1082 consilia
290 1005 351 1074 illa
369 1007 550 1096 gubernet.
589 1002 747 1080 Venetos
762 1007 862 1076 aiunt
875 1007 1064 1078 transitum
1151 998 1164 1012 ’

79 1101 114 1176 Τ
114 1105 204 1180 ursis
218 1108 409 1181 concedere
423 1107 462 1176 in
472 1105 663 1178 Austriam
679 1131 742 1200 per
751 1100 894 1178 Forum
908 1101 1064 1180 lulium.

77 1207 167 1282 Haec
189 1208 280 1278 liunt
296 1201 462 1278 Gallicis
476 1202 821 1294 machinationibus,
845 1233 909 1278 nec
924 1209 1063 1286 dubito,

77 1323 150 1402 post
175 1309 389 1400 irruptiones
413 1303 595 1378 Tunicas
624 1310 958 1380 breviaecuxurum
991 1333 1064 1379 esse
1116 1316 1310 1396 N0,5027,

74 1411 172 1484 illum
187 1409 415 1484 lectissimum
434 1411 540 1496 diem,
563 1410 688 1504 inquo
704 1408 818 1480 Filius
833 1411 898 1482 Dei
914 1411 1063 1484 resusci-

75 1513 153 1584 tatis
174 1511 324 1582 mortuis
346 1517 506 1582 ostendet
525 1506 746 1604 triumphum
778 1535 861 1580 suae
885 1509 1062 1582 Ecclesiae

73 1615 237 1684 universo
253 1613 374 1702 generi
390 1607 559 1688 humano.
612 1609 749 1686 interea
766 1613 802 1684 in
826 1609 882 1686 bis
897 1613 1062 1686 saevissi-

72 1715 139 1784 mis
152 1713 265 1782 rninis
279 1714 509 1806 imperiorum
525 1735 591 1783 nos
606 1727 839 1784 sustentemus
854 1709 921 1784 hac
936 1739 1063 1784 conso-

72 1817 223 1898 latione,
260 1839 367 1908 qnam
398 1812 513 1884 Filius
544 1813 611 1885 Dei
647 1816 848 1907 proposuit,
887 1817 1063 1910 iuquiens,

69 1909 201 1998 Orata,
228 1923 265 1983 ut
280 1911 430 2008 possitis
444 1909 601 2015 effugere
615 1912 754 2014 sutura
772 1913 889 1990 saulo.
930 1918 1062 1988 Scribit

69 2013 160 2092 mibi
191 2007 339 2088 Paulus
373 2004 535 2102 Elaias,
587 2015 816 2108 Witebergae
848 2013 905 2088 bis
936 2017 1063 2090 diebus

1906 1137 2106 1152 Μ

1847 1311 2112 1396 saltumn)

1119 1415 1287 1452 Μ
1863 1407 2075 1442 m

1253 1523 1509 1613 Mauritius
1534 1517 1601 1611 nd
1626 1513 1800 1634 synd.
1837 1511 1963 1602 Trici.

1183 1695 1267 1769 span.
1281 1693 1326 1751 us
1341 1695 1388 1751 m.
1406 1713 1434 1768 p.
1447 1695 1490 1750 so.
1510 1653 1985 1758 na.1.a.aus.ur..p.sax-
2019 1681 2046 1736 a
2081 1695 2111 1733 s

1218 1767 1267 1826 tite
1285 1785 1301 1818 s
1318 1763 1427 1824 Perelio
1446 1764 1474 1820 iss
1490 1759 1741 1820 neccessitas.
1759 1755 1840 1812 P.ll.
1859 1774 1884 1826 p.
1899 1753 1958 1816 166.
1979 1780 2008 1796 -
2078 1769 2110 1832 e·

1906 1821 2040 1878 Drssdsm
2056 1837 2106 1872 mr·

1843 1843 1909 1946 lii.
1930 1905 1999 1966 quse
2019 1893 2111 1943 osrsst

1217 1833 1329 1888 lsntbon
1342 1833 1412 1916 ban-c
1423 1833 1500 1902 epist.
1514 1831 1641 1951 canapit
1655 1827 1763 1912 lpipsise
1781 1843 1840 1883 sem

1217 1900 1813 2033 1111111111.11111111.““·“

1 2128 2 2156 l
67 2119 175 2190 fuisse
190 2113 432 2204 scamarum,
458 2117 518 2213 qui
539 2143 580 2188 eo
602 2117 734 2189 librum
756 2118 875 2190 attulit
890 2119 1060 2214 scriptum
1112 2121 1443 2198 &nefandissimis
1455 2121 1637 2196 Dominis
1652 2132 1684 2193 et
1707 2112 1909 2192 reverendis
1923 2107 2110 2198 Patribus,

67 2235 190 2292 contra
206 2211 454 2312 Oriundi-nm,
476 2223 535 2290 sed
553 2219 679 2288 vellem
699 2243 764 2289 nos
782 2244 855 2290 non
871 2223 1061 2292 accendere
1112 2223 1408 2310 Cardinalihus,
1434 2235 1466 2298 et
1492 2224 1691 2322 Episcopis
1717 2223 1757 2292 in
1781 2214 1934 2317 Synodo
1949 2212 2109 2287 Triden-

1 2394 2 2404 ,
67 2320 343 2402 controversias,
381 2321 462 2394 ideo
498 2321 620 2414 scripsi
654 2321 972 2394 modetalissimam
1004 2347 1062 2394 re·
1112 2331 1194 2402 lina
1226 2328 1478 2424 congregans,
1512 2323 1701 2399 Maurr'lis'
1720 2319 1842 2394 Ducis
1866 2330 1898 2392 el
1924 2312 2109 2390 Eleelorld

67 2423 315 2514 sponsionem,
340 2421 475 2498 etiamsi
493 2446 548 2492 me
563 2421 750 2494 deridebit.
791 2421 927 2493 Literas
941 2419 1062 2493 Ebers‘

1 2611 3 2629 .
65 2525 169 2594 mitto
188 2519 228 2596 C.
244 2519 289 2596 V.
340 2521 444 2596 Nunc
464 2515 641 2619 Lipsiom
666 2516 953 2596 venitLasurns
967 2521 998 2620 ²)
1015 2525 1058 2592 ad

64 2649 172 2720 quem
196 2623 308 2694 vocati
337 2647 476 2706 sumus,
509 2628 553 2694 de
583 2623 684 2696 cuius
709 2625 931 2698 sermonibus
959 2625 1060 2718 plura

1 2796 3 2818 ,
62 2727 216 2796 scribam
238 2723 452 2796 Celsitudini
470 2723 632 2810 Vestrae,
657 2739 717 2796 aut
739 2741 830 2798 certe
851 2727 1061 2818 significabit

1 2831 2 2834 ’
63 2829 111 2900 D.
131 2821 358 2902 Ioacln'mus.
418 2823 496 2918 Ego
520 2827 659 2920 quoties
689 2842 812 2920 potero
842 2829 992 2902 scribam
1016 2825 1060 2898 D.

1 2928 2 2935 '
61 2920 280 3012 Inachium,
302 2929 362 3020 qui
381 2929 496 3000 literas
514 2927 765 3006 nostrsstV,
780 2929 906 3004 mittet.
945 2927 1060 3002 Filius

1 3017 3 3040 ι
61 3029 134 3102 Dei
159 3025 334 3100 Dominus
369 3044 488 3100 noster
516 3029 611 3100 lesus
633 3025 798 3102 Christus
832 3031 925 3103 adsit
955 3032 1060 3102 nobis

59 3130 242 3204 osnnibus.
301 3127 398 3200 Beue
429 3144 463 3202 et
495 3129 645 3202 feliciter
674 3131 788 3204 valeat
822 3129 863 3206 C.
890 3129 932 3204 V.
990 3133 1057 3204 Die

65 3237 127 3306 10.
150 3229 317 3306 ianuarii.

51 3565 127 3636 No.
147 3561 259 3638 6020.

60 3657 240 3692 Μ

792 3577 847 3640 18·
861 3567 925 3638 ¹⁸¹¹·
938 3565 1060 3652 (Ltpc)

817 3659 1031 3698 m

413 3741 510 3834 Aa.
539 3745 697 3836 careo.

129 3923 154 3996 ἡ
171 3919 209 3978 n.
227 3923 382 3996 apographo
402 3923 430 3978 ln
449 3921 511 3982 cod.
527 3922 612 3980 Pstis.
634 3923 672 3982 D.
691 3922 721 3980 [ι.
734 3923 795 3980 att

48 4075 225 4148 Honesto
256 4074 351 4162 viro,
384 4069 586 4148 eruds'tione
618 4083 651 4146 et
677 4073 807 4148 virtute
835 4077 1057 4174 praestanti,

50 4173 260 4272 Magistro
290 4171 463 4248 Adam.
490 4166 635 4248 Curso
662 4171 983 4262 Reiclssladieasi,
1016 4179 1056 4252 in

237 4273 392 4352 oedibus
412 4271 585 4377 Philippi
598 4273 879 4354 Melanthonis.

47 4419 106 4506 S.
132 4431 185 4506 D.
233 4425 422 4500 Carissimo
437 4423 584 4500 Adame.
631 4425 678 4499 Et
696 4431 944 4520 proptera'e'ris
961 4431 1056 4522 peri-

46 4535 137 4603 cula
153 4531 284 4623 etquis
299 4530 542 4598 oeconomiam
558 4553 669 4598 meam
685 4553 824 4600 necesse
838 4545 891 4600 est
904 4557 960 4602 me
976 4559 1055 4604 mu-

44 4651 145 4716 tare,
173 4631 298 4722 scripsi
314 4630 460 4700 domino
478 4621 665 4699 Miclnsi'li
677 4623 733 4724 *),
758 4645 798 4700 ut
815 4655 875 4700 vus
890 4633 1054 4727 aliqnan-

42 4737 169 4826 tisper
187 4733 242 4802 sel
259 4733 303 4801 ad
321 4753 357 4800 se
371 4743 523 4800 accersat
537 4731 592 4799 sel
608 4731 724 4802 mittat
737 4729 893 4824 Lipsiam
910 4747 971 4804 aut
987 4733 1055 4806 Er-

38 4835 222 4910 lordiam.
272 4829 326 4902 Ea
341 4833 384 4900 de
401 4855 437 4900 re
457 4831 673 4921 scriptumst
687 4855 761 4900 esse
777 4835 822 4903 ad
842 4845 873 4902 te
888 4837 1053 4906 arbitror.

33 4938 96 5012 Et
113 4933 250 5028 poteris
263 4933 295 5003 ei
311 4932 467 5004 indicare
482 4933 691 5002 senteutiam
711 4947 818 5006 tuam.
860 4933 955 5006 Haec
972 4937 1052 5008 idco

34 5039 233 5128 significo,
255 5049 297 5106 ut
312 5049 352 5104 tn
378 5033 452 5124 ipse
466 5031 614 5121 cogites,
640 5033 726 5125 quid
747 5033 900 5104 maxime
918 5049 952 5106 et
975 5035 1051 5108 lieri

30 5141 141 5210 velis
163 5150 201 5208 et
221 5131 304 5206 huic
322 5135 472 5227 tempori
488 5135 688 5209 conveniat.
736 5132 827 5204 Nam
853 5150 886 5206 et
907 5155 1052 5230 propter

25 5303 280 5328 m

68 5397 106 5463 1)
129 5385 704 5462 kameels-esttamen&

66 5479 105 5546 ¹)
128 5469 858 5548 viaspsaltteldtetssndcntmtsts

1120 2429 1314 2503 Senoniae
1331 2431 1476 2501 nominc
1492 2455 1517 2500 a
1531 2423 1622 2500 Plsi
1629 2425 1647 2497 l
1652 2425 1668 2495 i
1671 2450 1697 2526 p
1702 2450 1759 2524 po
1775 2421 1913 2520 scripta
1930 2415 2100 2520 epistola.

1113 2569 1162 2656 S.
1188 2580 1234 2656 D.
1293 2577 1598 2654 Reverendissimi
1629 2575 1797 2659 Domini,
1836 2585 1870 2642 et
1904 2565 2107 2642 Revercudi

1112 2685 1252 2770 Patres,
1275 2680 1368 2754 Cum
1387 2680 1556 2754 Caesarea
1576 2679 1762 2762 Maiestas,
1787 2673 1966 2748 Dominus
1987 2684 2108 2738 noster

1111 2783 1415 2858 clementissimus
1438 2781 1609 2868 voluerit,
1642 2795 1683 2854 ut
1711 2803 1752 2852 ex
1774 2773 1942 2850 Ecclesiis
1965 2781 2107 2842 nostrae

1111 2888 1259 2960 ditionis
1273 2886 1385 2980 aliqui
1401 2887 1445 2956 ad
1465 2883 1651 2980 Synodum
1664 2882 1899 2961 mitterentur,
1925 2873 2108 2943 noluimus

1111 2991 1188 3062 elus
1202 2988 1379 3062 voluntati
1395 2990 1534 3068 deame,
1556 2983 1761 3078 praesertim
1778 3003 1859 3051 cum
1873 2991 1908 3048 et
1923 2995 1988 3046 nos
2007 2985 2106 3064 opte-

1112 3115 1191 3164 mus
1210 3089 1395 3162 vocitamen
1416 3087 1589 3162 illustrari
1610 3098 1754 3178 propter
1775 3081 1926 3173 gloriam
1951 3075 2040 3158 Dei,
2071 3083 2108 3148 et

1111 3193 1205 3284 piam
1221 3215 1262 3261 ac
1285 3203 1490 3284 perpetuam
1508 3189 1549 3258 in
1561 3185 1729 3260 Ecclesiis
1749 3183 1856 3255 totins
1876 3178 1973 3250 orbis
1995 3189 2107 3290 terra-

1111 3318 1190 3364 rum
1213 3294 1438 3364 concordiam
1454 3289 1632 3362 constitui.
1684 3286 1786 3379 Quae
1802 3286 1893 3354 dirae
1914 3299 2105 3350 recomm-

1110 3397 1176 3466 bus
1192 3389 1399 3464 bominibus
1414 3391 1563 3462 maxime
1576 3389 1787 3484 expetendae
1802 3397 1897 3468 sunt,
1919 3377 2106 3478 praecipue

1111 3519 1193 3566 vero
1224 3495 1287 3582 iis,
1319 3493 1450 3589 quibus
1479 3489 1575 3564 Deus
1603 3489 1896 3584 gubernationem
1926 3501 2106 3552 commen-

1110 3598 1219 3670 davit

1211 3709 1378 3786 Misimus
1405 3713 1514 3804 igitur
1536 3709 1580 3784 ad
1603 3707 1789 3806 Synodum
1814 3701 1881 3778 bos
1903 3717 1973 3774 tres
1996 3701 2105 3783 viros,

1110 3811 1315 3888 Erasmum
1329 3809 1559 3896 Sarcerium.
1589 3808 1832 3888 Valentinum
1849 3799 2046 3888 Pacatum,
2071 3811 2106 3868 et

1109 3909 1329 4016 Philippum
1353 3907 1711 4004 Melanchtlsonem,
1749 3933 1903 4005 quorum
1932 3921 1966 3978 et
1988 3924 2106 3977 mores

1110 4013 1277 4092 honestos
1301 4041 1393 4106 csse,
1424 4031 1460 4092 et
1482 4017 1640 4088 studium
1665 4013 1759 4110 pacis
1785 4026 1819 4082 et
1836 4009 1996 4104 publicae
2017 4028 2104 4075 cisn-

1109 4121 1249 4194 cordiae
1271 4115 1467 4214 praedicari
1489 4117 1732 4206 intelligimus.
1790 4111 1866 4186 iios
1889 4123 1930 4182 nt
1952 4105 2104 4193 benigne

1109 4221 1277 4306 audiatis,
1309 4221 1449 4318 publice
1480 4232 1712 4312 exponentes,
1746 4215 1832 4308 quid
1862 4213 1908 4282 dc
1936 4205 2106 4281 omuibus

1108 4321 1358 4394 controversiis
1373 4321 1555 4392 communi
1577 4341 1749 4392 cssnseusu
1764 4311 1941 4395 Ecclesiae
1962 4321 2105 4380 nostrae

1107 4425 1276 4508 doceant,
1303 4423 1465 4514 petimus.
1522 4419 1612 4510 lpsis
1629 4420 1733 4490 etiam
1751 4417 1913 4486 numdata
1927 4409 2103 4489 dedimus,

1107 4539 1148 4596 ut
1161 4525 1238 4618 pie,
1262 4523 1418 4615 placide,
1442 4535 1477 4592 et
1492 4517 1569 4600 sine
1587 4519 1733 4622 privatis
1750 4517 1933 4590 affectibus
1955 4510 2101 4584 recitent

1107 4639 1141 4696 et
1159 4627 1340 4696 declarent
1355 4622 1574 4706 doctrinam,
1610 4645 1714 4718 quam
1738 4617 1939 4694 existimant
1955 4612 2101 4684 univer-

1106 4750 1164 4796 sae
1181 4723 1359 4799 Ecclesiae
1376 4723 1621 4798 necessariam.

1208 4843 1315 4917 Scitis
1338 4855 1456 4912 autem
1482 4865 1546 4936 pro
1572 4853 1685 4912 vestra
1709 4831 1893 4909 excellenti
1918 4827 2103 4924 sapientia,

1107 4939 1170 5014 bos
1193 4957 1325 5014 vestros
1348 4941 1540 5014 Concessus
1563 4939 1694 5010 intueri
1716 4937 1831 5009 Deum
1854 4932 2026 5004 iudicem:
2054 4925 2103 4999 Et

1104 5045 1303 5114 universam
1321 5041 1515 5114 Ecclesiam
1537 5042 1576 5111 in
1598 5041 1697 5111 coelo
1713 5053 1745 5108 ct
1768 5037 1917 5108 interra
1942 5045 2101 5126 expetere

1103 5147 1278 5238 primum,
1309 5159 1349 5215 ut
1377 5145 1490 5234 gloria
1513 5141 1598 5212 Filii
1627 5137 1694 5212 Dei
1720 5163 1801 5212 sere
1824 5138 2041 5217 illustretur,
2067 5145 2101 5208 et

1102 5247 1242 5316 sauciae
1254 5245 1488 5316 conscientiae
1503 5253 1684 5327 sanentur,
1709 5253 1744 5314 et
1757 5263 1839 5315 vera
1855 5239 1907 5308 eis
1923 5235 2100 5310 invocatio

1102 5359 1335 5417 monstretur:
1362 5343 1518 5428 Deinde,
1542 5355 1584 5414 ot
1597 5342 1679 5416 talis
1696 5340 1885 5414 concordis
1907 5335 2101 5412 constitus-

1102 5459 1174 5529 ²¹¹⁸,
1190 5447 1230 5518 in
1245 5471 1314 5544 qua
1330 5471 1405 5518 non
1419 5443 1648 5523 stabiliantur
1658 5455 1795 5516 veteres
1807 5442 1951 5520 abusus.
1976 5435 2101 5533 Neque
