<?xml version="1.0" encoding="UTF-8"?>
<!DOCTYPE html PUBLIC "-//W3C//DTD XHTML 1.0 Transitional//EN"
    "http://www.w3.org/TR/xhtml1/DTD/xhtml1-transitional.dtd">
<html xmlns="http://www.w3.org/1999/xhtml" xml:lang="en" lang="en">
 <head>
  <title>
</title>
<meta http-equiv="Content-Type" content="text/html;charset=utf-8" />
  <meta name='ocr-system' content='tesseract 3.04.00' />
  <meta name='ocr-capabilities' content='ocr_page ocr_carea ocr_par ocr_line ocrx_word'/>
</head>
<body>
  <div class='ocr_page' id='page_1' title='image "./philippimelanth04bindgoog_0225.png"; bbox 0 0 4614 6226; ppageno 0'>
   <div class='ocr_carea' id='block_1_1' title="bbox 77 325 2110 408">
    <p class='ocr_par' dir='ltr' id='par_1_1' title="bbox 77 325 2110 408">
     <span class='ocr_line' id='line_1_1' title="bbox 77 325 2110 408; baseline 0.002 -6"><span class='ocrx_word' id='word_1_1' title='bbox 77 327 140 402; x_wconf 74' lang='grc'>593</span> <span class='ocrx_word' id='word_1_2' title='bbox 645 325 1083 408; x_wconf 77' lang='lat' dir='ltr'>EPISTOLARUM</span> <span class='ocrx_word' id='word_1_3' title='bbox 1132 329 1239 408; x_wconf 87' lang='lat' dir='ltr'>LlB.</span> <span class='ocrx_word' id='word_1_4' title='bbox 1264 329 1330 405; x_wconf 88' lang='lat' dir='ltr'>x1.</span> <span class='ocrx_word' id='word_1_5' title='bbox 1383 327 1512 407; x_wconf 78' lang='lat'><strong>1549.</strong></span> <span class='ocrx_word' id='word_1_6' title='bbox 2033 332 2110 406; x_wconf 74' lang='grc'>894</span> 
     </span>
    </p>
   </div>
   <div class='ocr_carea' id='block_1_2' title="bbox 28 499 2112 5400">
    <p class='ocr_par' dir='ltr' id='par_1_2' title="bbox 60 499 2107 2837">
     <span class='ocr_line' id='line_1_2' title="bbox 74 499 2107 601; baseline 0.001 -29"><span class='ocrx_word' id='word_1_7' title='bbox 74 501 100 572; x_wconf 89' lang='lat' dir='ltr'>si</span> <span class='ocrx_word' id='word_1_8' title='bbox 127 500 202 595; x_wconf 87' lang='lat' dir='ltr'>quis</span> <span class='ocrx_word' id='word_1_9' title='bbox 226 501 403 597; x_wconf 88' lang='lat' dir='ltr'>loquitur,</span> <span class='ocrx_word' id='word_1_10' title='bbox 437 513 607 598; x_wconf 88' lang='lat' dir='ltr'>tanquam</span> <span class='ocrx_word' id='word_1_11' title='bbox 635 504 779 574; x_wconf 85' lang='lat' dir='ltr'>oracula</span> <span class='ocrx_word' id='word_1_12' title='bbox 801 500 871 575; x_wconf 90' lang='lat' dir='ltr'>Dei</span> <span class='ocrx_word' id='word_1_13' title='bbox 896 517 997 576; x_wconf 89' lang='lat' dir='ltr'>sonet</span> <span class='ocrx_word' id='word_1_14' title='bbox 1015 501 1061 601; x_wconf 82' lang='lat'>¹).</span> <span class='ocrx_word' id='word_1_15' title='bbox 1190 501 1291 574; x_wconf 92' lang='lat' dir='ltr'>lubet</span> <span class='ocrx_word' id='word_1_16' title='bbox 1309 515 1426 573; x_wconf 88' lang='lat' dir='ltr'>autem</span> <span class='ocrx_word' id='word_1_17' title='bbox 1434 499 1567 573; x_wconf 88' lang='lat' dir='ltr'>Paulus</span> <span class='ocrx_word' id='word_1_18' title='bbox 1584 501 1713 573; x_wconf 89' lang='lat' dir='ltr'>deinde</span> <span class='ocrx_word' id='word_1_19' title='bbox 1731 505 1855 574; x_wconf 87' lang='lat' dir='ltr'>docere</span> <span class='ocrx_word' id='word_1_20' title='bbox 1871 519 1906 576; x_wconf 86' lang='lat' dir='ltr'>et</span> <span class='ocrx_word' id='word_1_21' title='bbox 1919 505 2107 589; x_wconf 88' lang='lat' dir='ltr'>consolari,</span> 
     </span>
     <span class='ocr_line' id='line_1_3' title="bbox 74 601 2106 698; baseline 0.002 -24"><span class='ocrx_word' id='word_1_22' title='bbox 74 601 292 691; x_wconf 77' lang='lat' dir='ltr'>Manifestum</span> <span class='ocrx_word' id='word_1_23' title='bbox 325 618 379 676; x_wconf 88' lang='lat' dir='ltr'>est</span> <span class='ocrx_word' id='word_1_24' title='bbox 400 617 538 689; x_wconf 89' lang='lat' dir='ltr'>autem,</span> <span class='ocrx_word' id='word_1_25' title='bbox 565 605 739 676; x_wconf 90' lang='lat' dir='ltr'>divinitus</span> <span class='ocrx_word' id='word_1_26' title='bbox 762 606 963 677; x_wconf 89' lang='lat' dir='ltr'>institutum</span> <span class='ocrx_word' id='word_1_27' title='bbox 987 629 1060 677; x_wconf 89' lang='lat' dir='ltr'>esse</span> <span class='ocrx_word' id='word_1_28' title='bbox 1106 601 1194 677; x_wconf 82' lang='lat' dir='ltr'>hae&#39;c</span> <span class='ocrx_word' id='word_1_29' title='bbox 1217 621 1301 676; x_wconf 89' lang='lat' dir='ltr'>sunt</span> <span class='ocrx_word' id='word_1_30' title='bbox 1317 607 1551 698; x_wconf 80' lang='lat' dir='ltr'>interpretum</span> <span class='ocrx_word' id='word_1_31' title='bbox 1566 607 1722 697; x_wconf 90' lang='lat' dir='ltr'>propria.</span> <span class='ocrx_word' id='word_1_32' title='bbox 1773 601 1919 678; x_wconf 89' lang='lat' dir='ltr'>Sinihil</span> <span class='ocrx_word' id='word_1_33' title='bbox 1934 607 2004 675; x_wconf 85' lang='lat' dir='ltr'>nisi</span> <span class='ocrx_word' id='word_1_34' title='bbox 2016 631 2106 698; x_wconf 90' lang='lat' dir='ltr'>pue·</span> 
     </span>
     <span class='ocr_line' id='line_1_4' title="bbox 73 701 2106 800; baseline 0.001 -26"><span class='ocrx_word' id='word_1_35' title='bbox 73 705 297 776; x_wconf 86' lang='lat' dir='ltr'>ministerium</span> <span class='ocrx_word' id='word_1_36' title='bbox 314 707 465 778; x_wconf 91' lang='lat' dir='ltr'>docendi</span> <span class='ocrx_word' id='word_1_37' title='bbox 479 701 668 798; x_wconf 83' lang='lat' dir='ltr'><strong>Evangelii</strong></span> <span class='ocrx_word' id='word_1_38' title='bbox 695 709 812 778; x_wconf 85' lang='lat' dir='ltr'>statim</span> <span class='ocrx_word' id='word_1_39' title='bbox 830 709 954 788; x_wconf 87' lang='lat' dir='ltr'>initio,</span> <span class='ocrx_word' id='word_1_40' title='bbox 980 733 1059 780; x_wconf 89' lang='lat' dir='ltr'>cum</span> <span class='ocrx_word' id='word_1_41' title='bbox 1106 710 1183 780; x_wconf 84' lang='lat' dir='ltr'>cilis</span> <span class='ocrx_word' id='word_1_42' title='bbox 1200 708 1304 778; x_wconf 90' lang='lat' dir='ltr'>lectio</span> <span class='ocrx_word' id='word_1_43' title='bbox 1319 720 1586 800; x_wconf 70' lang='lat' dir='ltr'>proponeretur,</span> <span class='ocrx_word' id='word_1_44' title='bbox 1602 709 1715 778; x_wconf 92' lang='lat' dir='ltr'>multo</span> <span class='ocrx_word' id='word_1_45' title='bbox 1732 709 1914 800; x_wconf 89' lang='lat' dir='ltr'>pauciores</span> <span class='ocrx_word' id='word_1_46' title='bbox 1930 707 2106 798; x_wconf 89' lang='lat' dir='ltr'>intellige-</span> 
     </span>
     <span class='ocr_line' id='line_1_5' title="bbox 74 807 2105 904; baseline 0.001 -26"><span class='ocrx_word' id='word_1_47' title='bbox 74 807 170 900; x_wconf 89' lang='lat' dir='ltr'>primi</span> <span class='ocrx_word' id='word_1_48' title='bbox 185 823 348 899; x_wconf 85' lang='lat' dir='ltr'>parentes</span> <span class='ocrx_word' id='word_1_49' title='bbox 370 821 448 900; x_wconf 82' lang='lat' dir='ltr'>post</span> <span class='ocrx_word' id='word_1_50' title='bbox 462 808 600 899; x_wconf 89' lang='lat' dir='ltr'>lapsum</span> <span class='ocrx_word' id='word_1_51' title='bbox 618 809 749 902; x_wconf 78' lang='lat' dir='ltr'>recepti</span> <span class='ocrx_word' id='word_1_52' title='bbox 766 822 850 881; x_wconf 87' lang='lat' dir='ltr'>sunt</span> <span class='ocrx_word' id='word_1_53' title='bbox 867 811 960 880; x_wconf 89' lang='lat' dir='ltr'>edita</span> <span class='ocrx_word' id='word_1_54' title='bbox 977 836 1061 904; x_wconf 91' lang='lat' dir='ltr'>pro-</span> <span class='ocrx_word' id='word_1_55' title='bbox 1106 825 1186 881; x_wconf 93' lang='lat' dir='ltr'>rent</span> <span class='ocrx_word' id='word_1_56' title='bbox 1202 811 1287 903; x_wconf 91' lang='lat' dir='ltr'>quid</span> <span class='ocrx_word' id='word_1_57' title='bbox 1305 823 1484 898; x_wconf 80' lang='lat' dir='ltr'>ageretur,</span> <span class='ocrx_word' id='word_1_58' title='bbox 1510 833 1550 880; x_wconf 90' lang='lat' dir='ltr'>ac</span> <span class='ocrx_word' id='word_1_59' title='bbox 1565 809 1679 880; x_wconf 85' lang='lat' dir='ltr'>voluit</span> <span class='ocrx_word' id='word_1_60' title='bbox 1697 807 1794 880; x_wconf 85' lang='lat' dir='ltr'>Deus</span> <span class='ocrx_word' id='word_1_61' title='bbox 1810 833 1884 880; x_wconf 91' lang='lat' dir='ltr'>non</span> <span class='ocrx_word' id='word_1_62' title='bbox 1897 811 2008 880; x_wconf 92' lang='lat' dir='ltr'>libros</span> <span class='ocrx_word' id='word_1_63' title='bbox 2024 825 2105 884; x_wconf 89' lang='lat' dir='ltr'>tan-</span> 
     </span>
     <span class='ocr_line' id='line_1_6' title="bbox 72 906 2105 1006; baseline 0.002 -28"><span class='ocrx_word' id='word_1_64' title='bbox 72 911 247 996; x_wconf 89' lang='lat' dir='ltr'>missione,</span> <span class='ocrx_word' id='word_1_65' title='bbox 272 925 308 982; x_wconf 89' lang='lat' dir='ltr'>et</span> <span class='ocrx_word' id='word_1_66' title='bbox 328 906 397 980; x_wconf 89' lang='lat' dir='ltr'>hoc</span> <span class='ocrx_word' id='word_1_67' title='bbox 417 921 555 980; x_wconf 88' lang='lat' dir='ltr'>tantum</span> <span class='ocrx_word' id='word_1_68' title='bbox 571 935 718 995; x_wconf 88' lang='lat' dir='ltr'>munus,</span> <span class='ocrx_word' id='word_1_69' title='bbox 744 935 808 1002; x_wconf 89' lang='lat' dir='ltr'>per</span> <span class='ocrx_word' id='word_1_70' title='bbox 823 915 917 1006; x_wconf 89' lang='lat' dir='ltr'>quod</span> <span class='ocrx_word' id='word_1_71' title='bbox 935 909 1059 982; x_wconf 88' lang='lat' dir='ltr'>Eccle-</span> <span class='ocrx_word' id='word_1_72' title='bbox 1106 926 1181 982; x_wconf 91' lang='lat' dir='ltr'>tum</span> <span class='ocrx_word' id='word_1_73' title='bbox 1199 927 1333 997; x_wconf 82' lang='lat' dir='ltr'>extare,</span> <span class='ocrx_word' id='word_1_74' title='bbox 1355 914 1414 981; x_wconf 89' lang='lat' dir='ltr'>sed</span> <span class='ocrx_word' id='word_1_75' title='bbox 1431 911 1536 980; x_wconf 90' lang='lat' dir='ltr'>simul</span> <span class='ocrx_word' id='word_1_76' title='bbox 1552 936 1673 982; x_wconf 89' lang='lat' dir='ltr'>vocem</span> <span class='ocrx_word' id='word_1_77' title='bbox 1690 912 1879 982; x_wconf 88' lang='lat' dir='ltr'>ministerii</span> <span class='ocrx_word' id='word_1_78' title='bbox 1895 935 2038 994; x_wconf 88' lang='lat' dir='ltr'>sonare,</span> <span class='ocrx_word' id='word_1_79' title='bbox 2064 926 2105 984; x_wconf 91' lang='lat' dir='ltr'>ut</span> 
     </span>
     <span class='ocr_line' id='line_1_7' title="bbox 72 1009 2104 1107; baseline 0.001 -26"><span class='ocrx_word' id='word_1_80' title='bbox 72 1013 117 1082; x_wconf 89' lang='lat' dir='ltr'>sia</span> <span class='ocrx_word' id='word_1_81' title='bbox 130 1009 205 1082; x_wconf 87' lang='lat' dir='ltr'>Deo</span> <span class='ocrx_word' id='word_1_82' title='bbox 221 1025 362 1084; x_wconf 89' lang='lat' dir='ltr'>aeterua</span> <span class='ocrx_word' id='word_1_83' title='bbox 379 1012 576 1101; x_wconf 78' lang='lat' dir='ltr'>colligitur,</span> <span class='ocrx_word' id='word_1_84' title='bbox 601 1013 775 1084; x_wconf 88' lang='lat' dir='ltr'>divinitus</span> <span class='ocrx_word' id='word_1_85' title='bbox 796 1013 835 1082; x_wconf 90' lang='lat' dir='ltr'>in</span> <span class='ocrx_word' id='word_1_86' title='bbox 850 1035 975 1104; x_wconf 82' lang='lat' dir='ltr'>genere</span> <span class='ocrx_word' id='word_1_87' title='bbox 990 1011 1059 1086; x_wconf 90' lang='lat' dir='ltr'>hu·</span> <span class='ocrx_word' id='word_1_88' title='bbox 1106 1015 1268 1085; x_wconf 82' lang='lat' dir='ltr'>rudiores</span> <span class='ocrx_word' id='word_1_89' title='bbox 1285 1013 1548 1084; x_wconf 89' lang='lat' dir='ltr'>commonefieri</span> <span class='ocrx_word' id='word_1_90' title='bbox 1568 1014 1716 1105; x_wconf 84' lang='lat' dir='ltr'>possint.</span> <span class='ocrx_word' id='word_1_91' title='bbox 1767 1011 1907 1084; x_wconf 89' lang='lat' dir='ltr'>Teneat</span> <span class='ocrx_word' id='word_1_92' title='bbox 1930 1015 2104 1107; x_wconf 80' lang='lat' dir='ltr'>interpres</span> 
     </span>
     <span class='ocr_line' id='line_1_8' title="bbox 71 1111 2104 1210; baseline 0.001 -27"><span class='ocrx_word' id='word_1_93' title='bbox 71 1139 167 1184; x_wconf 88' lang='lat' dir='ltr'>mann</span> <span class='ocrx_word' id='word_1_94' title='bbox 192 1113 412 1200; x_wconf 88' lang='lat' dir='ltr'>conservari,</span> <span class='ocrx_word' id='word_1_95' title='bbox 449 1115 540 1184; x_wconf 88' lang='lat' dir='ltr'>sicut</span> <span class='ocrx_word' id='word_1_96' title='bbox 562 1128 597 1184; x_wconf 86' lang='lat' dir='ltr'>et</span> <span class='ocrx_word' id='word_1_97' title='bbox 624 1117 668 1186; x_wconf 89' lang='lat' dir='ltr'>ad</span> <span class='ocrx_word' id='word_1_98' title='bbox 690 1111 1059 1210; x_wconf 58' lang='lat' dir='ltr'>Ephesios&#39;scriptum</span> <span class='ocrx_word' id='word_1_99' title='bbox 1107 1117 1289 1187; x_wconf 88' lang='lat' dir='ltr'>doctrinae</span> <span class='ocrx_word' id='word_1_100' title='bbox 1316 1141 1510 1202; x_wconf 90' lang='lat' dir='ltr'>summam,</span> <span class='ocrx_word' id='word_1_101' title='bbox 1546 1117 1728 1186; x_wconf 88' lang='lat' dir='ltr'>collectam</span> <span class='ocrx_word' id='word_1_102' title='bbox 1759 1141 1800 1185; x_wconf 82' lang='lat' dir='ltr'>ex</span> <span class='ocrx_word' id='word_1_103' title='bbox 1822 1111 2043 1208; x_wconf 89' lang='lat' dir='ltr'>Propheticis</span> <span class='ocrx_word' id='word_1_104' title='bbox 2070 1129 2104 1185; x_wconf 83' lang='lat' dir='ltr'>et</span> 
     </span>
     <span class='ocr_line' id='line_1_9' title="bbox 70 1211 2104 1312; baseline 0 -26"><span class='ocrx_word' id='word_1_105' title='bbox 70 1231 133 1302; x_wconf 89' lang='lat' dir='ltr'>est,</span> <span class='ocrx_word' id='word_1_106' title='bbox 147 1217 208 1286; x_wconf 93' lang='lat' dir='ltr'>ubi</span> <span class='ocrx_word' id='word_1_107' title='bbox 223 1218 417 1309; x_wconf 87' lang='lat' dir='ltr'>explicatur</span> <span class='ocrx_word' id='word_1_108' title='bbox 431 1211 501 1286; x_wconf 91' lang='lat' dir='ltr'>hoc</span> <span class='ocrx_word' id='word_1_109' title='bbox 515 1215 669 1287; x_wconf 87' lang='lat' dir='ltr'>dictum:</span> <span class='ocrx_word' id='word_1_110' title='bbox 696 1219 793 1288; x_wconf 90' lang='lat' dir='ltr'>sedet</span> <span class='ocrx_word' id='word_1_111' title='bbox 806 1217 900 1288; x_wconf 86' lang='lat' dir='ltr'>lilius</span> <span class='ocrx_word' id='word_1_112' title='bbox 916 1221 960 1288; x_wconf 87' lang='lat' dir='ltr'>ad</span> <span class='ocrx_word' id='word_1_113' title='bbox 974 1221 1060 1288; x_wconf 86' lang='lat' dir='ltr'>dex·</span> <span class='ocrx_word' id='word_1_114' title='bbox 1105 1217 1320 1311; x_wconf 86' lang='lat' dir='ltr'>Apostolicis</span> <span class='ocrx_word' id='word_1_115' title='bbox 1341 1218 1600 1302; x_wconf 90' lang='lat' dir='ltr'>monumentis,</span> <span class='ocrx_word' id='word_1_116' title='bbox 1628 1243 1718 1312; x_wconf 89' lang='lat' dir='ltr'>quae</span> <span class='ocrx_word' id='word_1_117' title='bbox 1735 1232 1776 1288; x_wconf 89' lang='lat' dir='ltr'>ut</span> <span class='ocrx_word' id='word_1_118' title='bbox 1791 1218 1828 1286; x_wconf 93' lang='lat' dir='ltr'>in</span> <span class='ocrx_word' id='word_1_119' title='bbox 1842 1232 2032 1310; x_wconf 90' lang='lat' dir='ltr'>conspectu</span> <span class='ocrx_word' id='word_1_120' title='bbox 2046 1217 2104 1301; x_wconf 91' lang='lat' dir='ltr'>sit,</span> 
     </span>
     <span class='ocr_line' id='line_1_10' title="bbox 69 1314 2104 1415; baseline -0 -25"><span class='ocrx_word' id='word_1_121' title='bbox 69 1333 153 1390; x_wconf 85' lang='lat' dir='ltr'>tram</span> <span class='ocrx_word' id='word_1_122' title='bbox 168 1319 304 1390; x_wconf 89' lang='lat' dir='ltr'>aeterni</span> <span class='ocrx_word' id='word_1_123' title='bbox 318 1318 447 1412; x_wconf 88' lang='lat' dir='ltr'>patris,</span> <span class='ocrx_word' id='word_1_124' title='bbox 468 1321 508 1390; x_wconf 74' lang='lat' dir='ltr'>&#39;et</span> <span class='ocrx_word' id='word_1_125' title='bbox 523 1319 617 1388; x_wconf 90' lang='lat' dir='ltr'>dona</span> <span class='ocrx_word' id='word_1_126' title='bbox 641 1321 703 1390; x_wconf 88' lang='lat' dir='ltr'>dat</span> <span class='ocrx_word' id='word_1_127' title='bbox 718 1314 937 1390; x_wconf 89' lang='lat' dir='ltr'>hominibus.</span> <span class='ocrx_word' id='word_1_128' title='bbox 988 1317 1060 1390; x_wconf 84' lang='lat' dir='ltr'>Ec·</span> <span class='ocrx_word' id='word_1_129' title='bbox 1106 1335 1259 1392; x_wconf 87' lang='lat' dir='ltr'>vetustas</span> <span class='ocrx_word' id='word_1_130' title='bbox 1274 1319 1432 1415; x_wconf 88' lang='lat' dir='ltr'>symbola</span> <span class='ocrx_word' id='word_1_131' title='bbox 1453 1320 1634 1405; x_wconf 87' lang='lat' dir='ltr'>condidit,</span> <span class='ocrx_word' id='word_1_132' title='bbox 1661 1322 1781 1390; x_wconf 85' lang='lat' dir='ltr'>dextre</span> <span class='ocrx_word' id='word_1_133' title='bbox 1803 1319 1975 1409; x_wconf 88' lang='lat' dir='ltr'>intelligat</span> <span class='ocrx_word' id='word_1_134' title='bbox 1992 1341 2104 1409; x_wconf 90' lang='lat' dir='ltr'>genus</span> 
     </span>
     <span class='ocr_line' id='line_1_11' title="bbox 69 1413 2104 1511; baseline 0 -21"><span class='ocrx_word' id='word_1_135' title='bbox 69 1421 166 1490; x_wconf 89' lang='lat' dir='ltr'>clesia</span> <span class='ocrx_word' id='word_1_136' title='bbox 182 1422 300 1511; x_wconf 89' lang='lat' dir='ltr'>genita</span> <span class='ocrx_word' id='word_1_137' title='bbox 314 1433 366 1490; x_wconf 88' lang='lat' dir='ltr'>est</span> <span class='ocrx_word' id='word_1_138' title='bbox 380 1443 464 1490; x_wconf 88' lang='lat' dir='ltr'>voce</span> <span class='ocrx_word' id='word_1_139' title='bbox 481 1413 726 1511; x_wconf 68' lang='lat' dir='ltr'>promissionis</span> <span class='ocrx_word' id='word_1_140' title='bbox 742 1423 785 1490; x_wconf 89' lang='lat' dir='ltr'>de</span> <span class='ocrx_word' id='word_1_141' title='bbox 802 1421 875 1490; x_wconf 86' lang='lat' dir='ltr'>filio</span> <span class='ocrx_word' id='word_1_142' title='bbox 884 1421 964 1504; x_wconf 85' lang='lat' dir='ltr'>Dei,</span> <span class='ocrx_word' id='word_1_143' title='bbox 987 1420 1058 1492; x_wconf 93' lang='lat' dir='ltr'>Ubi</span> <span class='ocrx_word' id='word_1_144' title='bbox 1105 1423 1298 1506; x_wconf 89' lang='lat' dir='ltr'>sermonis,</span> <span class='ocrx_word' id='word_1_145' title='bbox 1333 1423 1454 1492; x_wconf 87' lang='lat' dir='ltr'>videat</span> <span class='ocrx_word' id='word_1_146' title='bbox 1476 1422 1613 1492; x_wconf 87' lang='lat' dir='ltr'>diversa</span> <span class='ocrx_word' id='word_1_147' title='bbox 1638 1423 1797 1490; x_wconf 90' lang='lat' dir='ltr'>membra</span> <span class='ocrx_word' id='word_1_148' title='bbox 1820 1423 2020 1502; x_wconf 87' lang='lat' dir='ltr'>doctrinae,</span> <span class='ocrx_word' id='word_1_149' title='bbox 2047 1445 2104 1490; x_wconf 84' lang='lat' dir='ltr'>sa-</span> 
     </span>
     <span class='ocr_line' id='line_1_12' title="bbox 69 1519 2105 1617; baseline -0 -25"><span class='ocrx_word' id='word_1_150' title='bbox 69 1519 150 1592; x_wconf 89' lang='lat' dir='ltr'>haec</span> <span class='ocrx_word' id='word_1_151' title='bbox 183 1524 376 1607; x_wconf 90' lang='lat' dir='ltr'>amittitur,</span> <span class='ocrx_word' id='word_1_152' title='bbox 409 1521 569 1612; x_wconf 82' lang='lat' dir='ltr'>extingui</span> <span class='ocrx_word' id='word_1_153' title='bbox 600 1519 796 1594; x_wconf 83' lang='lat' dir='ltr'>Ecclesiam</span> <span class='ocrx_word' id='word_1_154' title='bbox 829 1546 968 1594; x_wconf 87' lang='lat' dir='ltr'>necesse</span> <span class='ocrx_word' id='word_1_155' title='bbox 995 1537 1057 1597; x_wconf 88' lang='lat' dir='ltr'>est.</span> <span class='ocrx_word' id='word_1_156' title='bbox 1105 1520 1286 1617; x_wconf 77' lang='lat' dir='ltr'>pienter⁸)</span> <span class='ocrx_word' id='word_1_157' title='bbox 1303 1525 1480 1595; x_wconf 89' lang='lat' dir='ltr'>discernat</span> <span class='ocrx_word' id='word_1_158' title='bbox 1494 1522 1623 1612; x_wconf 89' lang='lat' dir='ltr'>Legem</span> <span class='ocrx_word' id='word_1_159' title='bbox 1638 1537 1672 1594; x_wconf 88' lang='lat' dir='ltr'>ct</span> <span class='ocrx_word' id='word_1_160' title='bbox 1687 1521 1942 1612; x_wconf 88' lang='lat' dir='ltr'>Evangelium,</span> <span class='ocrx_word' id='word_1_161' title='bbox 1961 1523 2105 1616; x_wconf 87' lang='lat' dir='ltr'>sapien-</span> 
     </span>
     <span class='ocr_line' id='line_1_13' title="bbox 66 1621 2103 1718; baseline -0.001 -22"><span class='ocrx_word' id='word_1_162' title='bbox 66 1623 202 1696; x_wconf 89' lang='lat' dir='ltr'>Deinde</span> <span class='ocrx_word' id='word_1_163' title='bbox 226 1637 360 1696; x_wconf 88' lang='lat' dir='ltr'>mentes</span> <span class='ocrx_word' id='word_1_164' title='bbox 382 1624 611 1712; x_wconf 76' lang='lat' dir='ltr'>vagabundae</span> <span class='ocrx_word' id='word_1_165' title='bbox 633 1625 751 1694; x_wconf 89' lang='lat' dir='ltr'>varios</span> <span class='ocrx_word' id='word_1_166' title='bbox 771 1621 865 1694; x_wconf 91' lang='lat' dir='ltr'>Deos</span> <span class='ocrx_word' id='word_1_167' title='bbox 886 1639 920 1696; x_wconf 90' lang='lat' dir='ltr'>et</span> <span class='ocrx_word' id='word_1_168' title='bbox 943 1627 1058 1696; x_wconf 89' lang='lat' dir='ltr'>cultus</span> <span class='ocrx_word' id='word_1_169' title='bbox 1104 1629 1189 1699; x_wconf 89' lang='lat' dir='ltr'>tiam</span> <span class='ocrx_word' id='word_1_170' title='bbox 1213 1627 1395 1718; x_wconf 87' lang='lat' dir='ltr'>politicam</span> <span class='ocrx_word' id='word_1_171' title='bbox 1427 1639 1462 1696; x_wconf 90' lang='lat' dir='ltr'>et</span> <span class='ocrx_word' id='word_1_172' title='bbox 1489 1625 1687 1694; x_wconf 84' lang='lat' dir='ltr'>doctrinam</span> <span class='ocrx_word' id='word_1_173' title='bbox 1710 1622 1888 1694; x_wconf 80' lang='lat' dir='ltr'>Ecclesiae</span> <span class='ocrx_word' id='word_1_174' title='bbox 1911 1625 2103 1718; x_wconf 91' lang='lat' dir='ltr'>propriam,</span> 
     </span>
     <span class='ocr_line' id='line_1_14' title="bbox 65 1719 2105 1821; baseline 0 -25"><span class='ocrx_word' id='word_1_175' title='bbox 65 1727 397 1811; x_wconf 84' lang='lat' dir='ltr'>comminiscuntur,</span> <span class='ocrx_word' id='word_1_176' title='bbox 420 1738 462 1796; x_wconf 91' lang='lat' dir='ltr'>ut</span> <span class='ocrx_word' id='word_1_177' title='bbox 474 1727 568 1818; x_wconf 90' lang='lat' dir='ltr'>apud</span> <span class='ocrx_word' id='word_1_178' title='bbox 587 1719 761 1796; x_wconf 88' lang='lat' dir='ltr'>Ethnicos</span> <span class='ocrx_word' id='word_1_179' title='bbox 774 1727 918 1813; x_wconf 89' lang='lat' dir='ltr'>accidit,</span> <span class='ocrx_word' id='word_1_180' title='bbox 944 1724 1057 1798; x_wconf 90' lang='lat' dir='ltr'>ethos</span> <span class='ocrx_word' id='word_1_181' title='bbox 1103 1729 1279 1800; x_wconf 85' lang='lat' dir='ltr'>videat‘ad</span> <span class='ocrx_word' id='word_1_182' title='bbox 1298 1753 1404 1821; x_wconf 91' lang='lat' dir='ltr'>quem</span> <span class='ocrx_word' id='word_1_183' title='bbox 1418 1727 1713 1820; x_wconf 88' lang='lat' dir='ltr'>finemquaelibet</span> <span class='ocrx_word' id='word_1_184' title='bbox 1725 1727 1908 1796; x_wconf 86' lang='lat' dir='ltr'>doctrinae</span> <span class='ocrx_word' id='word_1_185' title='bbox 1923 1749 2003 1816; x_wconf 87' lang='lat' dir='ltr'>pars</span> <span class='ocrx_word' id='word_1_186' title='bbox 2018 1750 2105 1818; x_wconf 92' lang='lat' dir='ltr'>pro-</span> 
     </span>
     <span class='ocr_line' id='line_1_15' title="bbox 65 1826 2104 1924; baseline -0.001 -26"><span class='ocrx_word' id='word_1_187' title='bbox 65 1831 198 1898; x_wconf 87' lang='lat' dir='ltr'>lurnres</span> <span class='ocrx_word' id='word_1_188' title='bbox 222 1829 385 1898; x_wconf 90' lang='lat' dir='ltr'>diabolus</span> <span class='ocrx_word' id='word_1_189' title='bbox 408 1842 529 1919; x_wconf 88' lang='lat' dir='ltr'>auget,</span> <span class='ocrx_word' id='word_1_190' title='bbox 552 1840 594 1898; x_wconf 88' lang='lat' dir='ltr'>ut</span> <span class='ocrx_word' id='word_1_191' title='bbox 616 1827 730 1898; x_wconf 88' lang='lat' dir='ltr'>Deum</span> <span class='ocrx_word' id='word_1_192' title='bbox 754 1829 968 1900; x_wconf 89' lang='lat' dir='ltr'>contumelia</span> <span class='ocrx_word' id='word_1_193' title='bbox 993 1832 1058 1900; x_wconf 89' lang='lat' dir='ltr'>ad·</span> <span class='ocrx_word' id='word_1_194' title='bbox 1103 1833 1180 1924; x_wconf 91' lang='lat' dir='ltr'>prie</span> <span class='ocrx_word' id='word_1_195' title='bbox 1203 1831 1386 1900; x_wconf 87' lang='lat' dir='ltr'>referenda</span> <span class='ocrx_word' id='word_1_196' title='bbox 1407 1830 1469 1898; x_wconf 76' lang='lat' dir='ltr'>sit·</span> <span class='ocrx_word' id='word_1_197' title='bbox 1514 1827 1679 1921; x_wconf 90' lang='lat' dir='ltr'>Denique</span> <span class='ocrx_word' id='word_1_198' title='bbox 1702 1829 1747 1897; x_wconf 86' lang='lat' dir='ltr'>sit</span> <span class='ocrx_word' id='word_1_199' title='bbox 1764 1853 1836 1896; x_wconf 93' lang='lat' dir='ltr'>non</span> <span class='ocrx_word' id='word_1_200' title='bbox 1853 1829 1952 1899; x_wconf 89' lang='lat' dir='ltr'>rudis</span> <span class='ocrx_word' id='word_1_201' title='bbox 1972 1826 2104 1898; x_wconf 90' lang='lat' dir='ltr'>Gram-</span> 
     </span>
     <span class='ocr_line' id='line_1_16' title="bbox 63 1923 2104 2018; baseline -0.001 -18"><span class='ocrx_word' id='word_1_202' title='bbox 63 1933 175 2016; x_wconf 86' lang='lat' dir='ltr'>liciat,</span> <span class='ocrx_word' id='word_1_203' title='bbox 209 1945 243 2001; x_wconf 90' lang='lat' dir='ltr'>et</span> <span class='ocrx_word' id='word_1_204' title='bbox 269 1929 487 2000; x_wconf 85' lang='lat' dir='ltr'>miserrimae</span> <span class='ocrx_word' id='word_1_205' title='bbox 520 1923 711 2000; x_wconf 90' lang='lat' dir='ltr'>hominum</span> <span class='ocrx_word' id='word_1_206' title='bbox 748 1943 896 2000; x_wconf 89' lang='lat' dir='ltr'>naturae</span> <span class='ocrx_word' id='word_1_207' title='bbox 921 1932 1057 2002; x_wconf 88' lang='lat' dir='ltr'>illudat.</span> <span class='ocrx_word' id='word_1_208' title='bbox 1103 1933 1249 2003; x_wconf 91' lang='lat' dir='ltr'>matieae</span> <span class='ocrx_word' id='word_1_209' title='bbox 1275 1945 1310 2002; x_wconf 90' lang='lat' dir='ltr'>et</span> <span class='ocrx_word' id='word_1_210' title='bbox 1334 1930 1563 2014; x_wconf 88' lang='lat' dir='ltr'>Dialecticae,</span> <span class='ocrx_word' id='word_1_211' title='bbox 1589 1955 1653 2000; x_wconf 89' lang='lat' dir='ltr'>nec</span> <span class='ocrx_word' id='word_1_212' title='bbox 1680 1929 1726 1999; x_wconf 92' lang='lat' dir='ltr'>sit</span> <span class='ocrx_word' id='word_1_213' title='bbox 1750 1930 1892 2018; x_wconf 87' lang='lat' dir='ltr'>ignarus</span> <span class='ocrx_word' id='word_1_214' title='bbox 1917 1931 2104 2000; x_wconf 81' lang='lat' dir='ltr'>exercitio-</span> 
     </span>
     <span class='ocr_line' id='line_1_17' title="bbox 65 2027 2103 2128; baseline -0 -26"><span class='ocrx_word' id='word_1_215' title='bbox 65 2032 143 2103; x_wconf 88' lang='lat' dir='ltr'>ldeo</span> <span class='ocrx_word' id='word_1_216' title='bbox 167 2033 230 2102; x_wconf 91' lang='lat' dir='ltr'>alii</span> <span class='ocrx_word' id='word_1_217' title='bbox 253 2031 446 2117; x_wconf 86' lang='lat' dir='ltr'>Venerem,</span> <span class='ocrx_word' id='word_1_218' title='bbox 480 2031 543 2101; x_wconf 87' lang='lat' dir='ltr'>alii</span> <span class='ocrx_word' id='word_1_219' title='bbox 561 2027 760 2116; x_wconf 89' lang='lat' dir='ltr'>Bacchum,</span> <span class='ocrx_word' id='word_1_220' title='bbox 796 2031 859 2102; x_wconf 89' lang='lat' dir='ltr'>alii</span> <span class='ocrx_word' id='word_1_221' title='bbox 881 2033 950 2102; x_wconf 89' lang='lat' dir='ltr'>alia</span> <span class='ocrx_word' id='word_1_222' title='bbox 972 2057 1057 2125; x_wconf 92' lang='lat' dir='ltr'>por·</span> <span class='ocrx_word' id='word_1_223' title='bbox 1104 2059 1183 2104; x_wconf 92' lang='lat' dir='ltr'>rum</span> <span class='ocrx_word' id='word_1_224' title='bbox 1208 2034 1450 2128; x_wconf 86' lang='lat' dir='ltr'>poenitentiae</span> <span class='ocrx_word' id='word_1_225' title='bbox 1478 2046 1512 2102; x_wconf 87' lang='lat' dir='ltr'>et</span> <span class='ocrx_word' id='word_1_226' title='bbox 1534 2031 1786 2116; x_wconf 84' lang='lat' dir='ltr'>invocationis,</span> <span class='ocrx_word' id='word_1_227' title='bbox 1820 2033 1867 2102; x_wconf 92' lang='lat' dir='ltr'>sit</span> <span class='ocrx_word' id='word_1_228' title='bbox 1892 2031 2011 2124; x_wconf 86' lang='lat' dir='ltr'>aliqua</span> <span class='ocrx_word' id='word_1_229' title='bbox 2042 2033 2103 2106; x_wconf 83' lang='lat' dir='ltr'>lux</span> 
     </span>
     <span class='ocr_line' id='line_1_18' title="bbox 62 2129 2103 2229; baseline -0.003 -22"><span class='ocrx_word' id='word_1_230' title='bbox 62 2149 175 2220; x_wconf 86' lang='lat' dir='ltr'>tenta,</span> <span class='ocrx_word' id='word_1_231' title='bbox 201 2134 570 2229; x_wconf 86' lang='lat' dir='ltr'>qnaerecitarenolo,</span> <span class='ocrx_word' id='word_1_232' title='bbox 593 2134 845 2222; x_wconf 83' lang='lat' dir='ltr'>excogitarunt.</span> <span class='ocrx_word' id='word_1_233' title='bbox 896 2132 1056 2205; x_wconf 87' lang='lat' dir='ltr'>Haecne</span> <span class='ocrx_word' id='word_1_234' title='bbox 1082 2137 1240 2206; x_wconf 80' lang='lat' dir='ltr'>lideiin</span> <span class='ocrx_word' id='word_1_235' title='bbox 1254 2149 1384 2210; x_wconf 87' lang='lat' dir='ltr'>mente.</span> <span class='ocrx_word' id='word_1_236' title='bbox 1437 2133 1537 2204; x_wconf 90' lang='lat' dir='ltr'>Talis</span> <span class='ocrx_word' id='word_1_237' title='bbox 1552 2129 1724 2226; x_wconf 80' lang='lat' dir='ltr'>Lector&#39;)</span> <span class='ocrx_word' id='word_1_238' title='bbox 1744 2133 1847 2218; x_wconf 90' lang='lat' dir='ltr'>sciet,</span> <span class='ocrx_word' id='word_1_239' title='bbox 1873 2134 1959 2226; x_wconf 87' lang='lat' dir='ltr'>quid</span> <span class='ocrx_word' id='word_1_240' title='bbox 1977 2134 2022 2204; x_wconf 90' lang='lat' dir='ltr'>sit</span> <span class='ocrx_word' id='word_1_241' title='bbox 2045 2134 2103 2201; x_wconf 91' lang='lat' dir='ltr'>in-</span> 
     </span>
     <span class='ocr_line' id='line_1_19' title="bbox 63 2231 2103 2330; baseline -0.002 -22"><span class='ocrx_word' id='word_1_242' title='bbox 63 2241 162 2322; x_wconf 87' lang='lat' dir='ltr'>liant,</span> <span class='ocrx_word' id='word_1_243' title='bbox 190 2237 309 2330; x_wconf 88' lang='lat' dir='ltr'>inquit</span> <span class='ocrx_word' id='word_1_244' title='bbox 331 2235 481 2318; x_wconf 86' lang='lat' dir='ltr'>Paulus,</span> <span class='ocrx_word' id='word_1_245' title='bbox 507 2236 666 2305; x_wconf 89' lang='lat' dir='ltr'>accendit</span> <span class='ocrx_word' id='word_1_246' title='bbox 689 2233 785 2304; x_wconf 88' lang='lat' dir='ltr'>Dens</span> <span class='ocrx_word' id='word_1_247' title='bbox 807 2235 921 2304; x_wconf 89' lang='lat' dir='ltr'>lucem</span> <span class='ocrx_word' id='word_1_248' title='bbox 935 2231 1054 2306; x_wconf 88' lang='lat' dir='ltr'>Evan-</span> <span class='ocrx_word' id='word_1_249' title='bbox 1103 2238 1291 2330; x_wconf 87' lang='lat' dir='ltr'>terpretari</span> <span class='ocrx_word' id='word_1_250' title='bbox 1314 2261 1374 2330; x_wconf 70' lang='lat' dir='ltr'>seu</span> <span class='ocrx_word' id='word_1_251' title='bbox 1392 2237 1537 2320; x_wconf 89' lang='lat' dir='ltr'>docere,</span> <span class='ocrx_word' id='word_1_252' title='bbox 1560 2247 1594 2306; x_wconf 86' lang='lat' dir='ltr'>et</span> <span class='ocrx_word' id='word_1_253' title='bbox 1617 2237 1797 2328; x_wconf 89' lang='lat' dir='ltr'>quomodo</span> <span class='ocrx_word' id='word_1_254' title='bbox 1820 2236 2026 2304; x_wconf 90' lang='lat' dir='ltr'>rudioribus</span> <span class='ocrx_word' id='word_1_255' title='bbox 2043 2259 2103 2304; x_wconf 85' lang='lat' dir='ltr'>or-</span> 
     </span>
     <span class='ocr_line' id='line_1_20' title="bbox 69 2337 2103 2430; baseline -0.001 -22"><span class='ocrx_word' id='word_1_256' title='bbox 69 2342 140 2430; x_wconf 86' lang='lat' dir='ltr'>gelii</span> <span class='ocrx_word' id='word_1_257' title='bbox 165 2341 205 2408; x_wconf 92' lang='lat' dir='ltr'>in</span> <span class='ocrx_word' id='word_1_258' title='bbox 224 2337 400 2423; x_wconf 84' lang='lat' dir='ltr'>Ecclesia,</span> <span class='ocrx_word' id='word_1_259' title='bbox 426 2361 491 2408; x_wconf 88' lang='lat' dir='ltr'>nec</span> <span class='ocrx_word' id='word_1_260' title='bbox 514 2361 590 2406; x_wconf 88' lang='lat' dir='ltr'>eam</span> <span class='ocrx_word' id='word_1_261' title='bbox 616 2359 760 2428; x_wconf 87' lang='lat' dir='ltr'>prorsus</span> <span class='ocrx_word' id='word_1_262' title='bbox 781 2337 938 2428; x_wconf 79' lang='lat' dir='ltr'>extingui</span> <span class='ocrx_word' id='word_1_263' title='bbox 961 2339 1056 2424; x_wconf 88' lang='lat' dir='ltr'>sinit,</span> <span class='ocrx_word' id='word_1_264' title='bbox 1103 2343 1187 2410; x_wconf 91' lang='lat' dir='ltr'>dine</span> <span class='ocrx_word' id='word_1_265' title='bbox 1202 2341 1359 2408; x_wconf 90' lang='lat' dir='ltr'>membra</span> <span class='ocrx_word' id='word_1_266' title='bbox 1375 2338 1557 2407; x_wconf 88' lang='lat' dir='ltr'>doctrinae</span> <span class='ocrx_word' id='word_1_267' title='bbox 1577 2339 1809 2428; x_wconf 89' lang='lat' dir='ltr'>proponenda</span> <span class='ocrx_word' id='word_1_268' title='bbox 1826 2338 1916 2418; x_wconf 89' lang='lat' dir='ltr'>sint,</span> <span class='ocrx_word' id='word_1_269' title='bbox 1942 2337 2103 2406; x_wconf 87' lang='lat' dir='ltr'>monebit</span> 
     </span>
     <span class='ocr_line' id='line_1_21' title="bbox 66 2436 2103 2534; baseline -0 -22"><span class='ocrx_word' id='word_1_270' title='bbox 66 2457 96 2512; x_wconf 91' lang='lat' dir='ltr'>et</span> <span class='ocrx_word' id='word_1_271' title='bbox 107 2443 262 2512; x_wconf 88' lang='lat' dir='ltr'>subinde</span> <span class='ocrx_word' id='word_1_272' title='bbox 277 2453 441 2526; x_wconf 64' lang='lat' dir='ltr'>emovet,</span> <span class='ocrx_word' id='word_1_273' title='bbox 469 2439 867 2510; x_wconf 88' lang='lat' dir='ltr'>neanimilluctuantes</span> <span class='ocrx_word' id='word_1_274' title='bbox 886 2455 1055 2534; x_wconf 88' lang='lat' dir='ltr'>tanquam</span> <span class='ocrx_word' id='word_1_275' title='bbox 1101 2444 1214 2512; x_wconf 88' lang='lat' dir='ltr'>multa</span> <span class='ocrx_word' id='word_1_276' title='bbox 1239 2443 1284 2510; x_wconf 89' lang='lat' dir='ltr'>de</span> <span class='ocrx_word' id='word_1_277' title='bbox 1311 2436 1453 2532; x_wconf 89' lang='lat' dir='ltr'>phrasi,</span> <span class='ocrx_word' id='word_1_278' title='bbox 1487 2441 1530 2508; x_wconf 86' lang='lat' dir='ltr'>de</span> <span class='ocrx_word' id='word_1_279' title='bbox 1557 2439 1685 2508; x_wconf 89' lang='lat' dir='ltr'>ordine</span> <span class='ocrx_word' id='word_1_280' title='bbox 1719 2439 1874 2528; x_wconf 80' lang='lat' dir='ltr'>partium</span> <span class='ocrx_word' id='word_1_281' title='bbox 1907 2439 2103 2512; x_wconf 79' lang='lat' dir='ltr'>doctrinae.</span> 
     </span>
     <span class='ocr_line' id='line_1_22' title="bbox 62 2540 2102 2634; baseline -0.002 -22"><span class='ocrx_word' id='word_1_282' title='bbox 62 2545 172 2613; x_wconf 87' lang='lat' dir='ltr'>ventis</span> <span class='ocrx_word' id='word_1_283' title='bbox 202 2543 369 2613; x_wconf 87' lang='lat' dir='ltr'>salsarum</span> <span class='ocrx_word' id='word_1_284' title='bbox 400 2541 613 2634; x_wconf 86' lang='lat' dir='ltr'>opinionum</span> <span class='ocrx_word' id='word_1_285' title='bbox 640 2540 836 2632; x_wconf 84' lang='lat' dir='ltr'>agitentur,</span> <span class='ocrx_word' id='word_1_286' title='bbox 869 2556 1055 2614; x_wconf 82' lang='lat' dir='ltr'>atavam</span> <span class='ocrx_word' id='word_1_287' title='bbox 1102 2543 1215 2615; x_wconf 90' lang='lat' dir='ltr'>Nemo</span> <span class='ocrx_word' id='word_1_288' title='bbox 1251 2543 1367 2626; x_wconf 90' lang='lat' dir='ltr'>enim,</span> <span class='ocrx_word' id='word_1_289' title='bbox 1400 2541 1471 2608; x_wconf 88' lang='lat' dir='ltr'>nisi</span> <span class='ocrx_word' id='word_1_290' title='bbox 1506 2541 1634 2610; x_wconf 86' lang='lat' dir='ltr'>ordine</span> <span class='ocrx_word' id='word_1_291' title='bbox 1667 2553 1882 2619; x_wconf 89' lang='lat' dir='ltr'>monstrato,</span> <span class='ocrx_word' id='word_1_292' title='bbox 1918 2541 2102 2633; x_wconf 86' lang='lat' dir='ltr'>perspicue</span> 
     </span>
     <span class='ocr_line' id='line_1_23' title="bbox 60 2638 2103 2740; baseline -0.003 -24"><span class='ocrx_word' id='word_1_293' title='bbox 60 2643 132 2716; x_wconf 85' lang='lat' dir='ltr'>Deo</span> <span class='ocrx_word' id='word_1_294' title='bbox 149 2648 326 2714; x_wconf 75' lang='lat' dir='ltr'>alserrent.</span> <span class='ocrx_word' id='word_1_295' title='bbox 1102 2647 1222 2718; x_wconf 86' lang='lat' dir='ltr'>doceri</span> <span class='ocrx_word' id='word_1_296' title='bbox 1243 2658 1375 2740; x_wconf 90' lang='lat' dir='ltr'>potest,</span> <span class='ocrx_word' id='word_1_297' title='bbox 1412 2638 1544 2734; x_wconf 81' lang='lat' dir='ltr'>Aliqua</span> <span class='ocrx_word' id='word_1_298' title='bbox 1575 2641 1777 2711; x_wconf 87' lang='lat' dir='ltr'>communia</span> <span class='ocrx_word' id='word_1_299' title='bbox 1808 2642 1964 2728; x_wconf 84' lang='lat' dir='ltr'>evolvet,</span> <span class='ocrx_word' id='word_1_300' title='bbox 1997 2665 2103 2712; x_wconf 88' lang='lat' dir='ltr'>mou-</span> 
     </span>
     <span class='ocr_line' id='line_1_24' title="bbox 158 2741 1799 2837; baseline -0.005 -18"><span class='ocrx_word' id='word_1_301' title='bbox 158 2747 232 2819; x_wconf 85' lang='lat' dir='ltr'>Nec</span> <span class='ocrx_word' id='word_1_302' title='bbox 253 2769 339 2815; x_wconf 79' lang='lat' dir='ltr'>vero</span> <span class='ocrx_word' id='word_1_303' title='bbox 369 2743 489 2836; x_wconf 90' lang='lat' dir='ltr'>gignat</span> <span class='ocrx_word' id='word_1_304' title='bbox 512 2741 698 2834; x_wconf 87' lang='lat' dir='ltr'>Evangelii</span> <span class='ocrx_word' id='word_1_305' title='bbox 726 2745 890 2815; x_wconf 85' lang='lat' dir='ltr'>minister</span> <span class='ocrx_word' id='word_1_306' title='bbox 922 2767 1056 2814; x_wconf 91' lang='lat' dir='ltr'>novum</span> <span class='ocrx_word' id='word_1_307' title='bbox 1102 2749 1229 2820; x_wconf 81' lang='lat' dir='ltr'>strabit</span> <span class='ocrx_word' id='word_1_308' title='bbox 1242 2771 1387 2837; x_wconf 88' lang='lat' dir='ltr'>genera,</span> <span class='ocrx_word' id='word_1_309' title='bbox 1411 2757 1447 2814; x_wconf 89' lang='lat' dir='ltr'>et</span> <span class='ocrx_word' id='word_1_310' title='bbox 1462 2745 1639 2814; x_wconf 85' lang='lat' dir='ltr'>discernet</span> <span class='ocrx_word' id='word_1_311' title='bbox 1655 2744 1799 2835; x_wconf 89' lang='lat' dir='ltr'>species.</span> 
     </span>
    </p>

    <p class='ocr_par' dir='ltr' id='par_1_3' title="bbox 28 2839 2112 5284">
     <span class='ocr_line' id='line_1_25' title="bbox 65 2839 2103 2939; baseline -0.004 -19"><span class='ocrx_word' id='word_1_312' title='bbox 65 2851 241 2920; x_wconf 87' lang='lat' dir='ltr'>doetrinae</span> <span class='ocrx_word' id='word_1_313' title='bbox 263 2871 394 2934; x_wconf 85' lang='lat' dir='ltr'>genus,</span> <span class='ocrx_word' id='word_1_314' title='bbox 420 2861 461 2918; x_wconf 91' lang='lat' dir='ltr'>ut</span> <span class='ocrx_word' id='word_1_315' title='bbox 484 2839 672 2938; x_wconf 87' lang='lat' dir='ltr'>Orpbeus,</span> <span class='ocrx_word' id='word_1_316' title='bbox 693 2845 827 2931; x_wconf 88' lang='lat' dir='ltr'>Numa,</span> <span class='ocrx_word' id='word_1_317' title='bbox 851 2861 913 2917; x_wconf 86' lang='lat' dir='ltr'>aut</span> <span class='ocrx_word' id='word_1_318' title='bbox 928 2843 1055 2915; x_wconf 86' lang='lat' dir='ltr'>Hesio·</span> <span class='ocrx_word' id='word_1_319' title='bbox 1203 2850 1305 2939; x_wconf 85' lang='lat' dir='ltr'>Legit</span> <span class='ocrx_word' id='word_1_320' title='bbox 1319 2843 1500 2917; x_wconf 81' lang='lat' dir='ltr'>Iulianus</span> <span class='ocrx_word' id='word_1_321' title='bbox 1520 2840 1588 2915; x_wconf 92' lang='lat' dir='ltr'>hoe</span> <span class='ocrx_word' id='word_1_322' title='bbox 1609 2845 1762 2930; x_wconf 89' lang='lat' dir='ltr'>dictum,</span> <span class='ocrx_word' id='word_1_323' title='bbox 1789 2839 1978 2916; x_wconf 83' lang='lat' dir='ltr'>Aulerenti</span> <span class='ocrx_word' id='word_1_324' title='bbox 2002 2844 2103 2914; x_wconf 87' lang='lat' dir='ltr'>tuni-</span> 
     </span>
     <span class='ocr_line' id='line_1_26' title="bbox 64 2945 2102 3044; baseline -0.003 -22"><span class='ocrx_word' id='word_1_325' title='bbox 64 2955 145 3036; x_wconf 90' lang='lat' dir='ltr'>dus,</span> <span class='ocrx_word' id='word_1_326' title='bbox 166 2954 228 3022; x_wconf 90' lang='lat' dir='ltr'>sed</span> <span class='ocrx_word' id='word_1_327' title='bbox 253 2951 300 3020; x_wconf 88' lang='lat' dir='ltr'>sit</span> <span class='ocrx_word' id='word_1_328' title='bbox 323 2963 439 3020; x_wconf 89' lang='lat' dir='ltr'>custos</span> <span class='ocrx_word' id='word_1_329' title='bbox 455 2948 550 3018; x_wconf 88' lang='lat' dir='ltr'>vocis</span> <span class='ocrx_word' id='word_1_330' title='bbox 572 2945 684 3017; x_wconf 87' lang='lat' dir='ltr'>aDeo</span> <span class='ocrx_word' id='word_1_331' title='bbox 701 2948 850 3018; x_wconf 85' lang='lat' dir='ltr'>traditae</span> <span class='ocrx_word' id='word_1_332' title='bbox 865 2948 975 3031; x_wconf 84' lang='lat' dir='ltr'>fidus,</span> <span class='ocrx_word' id='word_1_333' title='bbox 1000 2946 1056 3014; x_wconf 85' lang='lat' dir='ltr'>vi·</span> <span class='ocrx_word' id='word_1_334' title='bbox 1102 2975 1197 3036; x_wconf 87' lang='lat' dir='ltr'>carn,</span> <span class='ocrx_word' id='word_1_335' title='bbox 1227 2951 1391 3044; x_wconf 88' lang='lat' dir='ltr'>relinque</span> <span class='ocrx_word' id='word_1_336' title='bbox 1414 2961 1449 3020; x_wconf 88' lang='lat' dir='ltr'>et</span> <span class='ocrx_word' id='word_1_337' title='bbox 1472 2949 1641 3040; x_wconf 89' lang='lat' dir='ltr'>pallium,</span> <span class='ocrx_word' id='word_1_338' title='bbox 1666 2945 1736 3016; x_wconf 88' lang='lat' dir='ltr'>Hic</span> <span class='ocrx_word' id='word_1_339' title='bbox 1759 2948 1905 3040; x_wconf 89' lang='lat' dir='ltr'>putabat</span> <span class='ocrx_word' id='word_1_340' title='bbox 1928 2947 2102 3017; x_wconf 84' lang='lat' dir='ltr'>confundi</span> 
     </span>
     <span class='ocr_line' id='line_1_27' title="bbox 64 3043 2101 3144; baseline -0.003 -23"><span class='ocrx_word' id='word_1_341' title='bbox 64 3056 190 3144; x_wconf 86' lang='lat' dir='ltr'>gilans,</span> <span class='ocrx_word' id='word_1_342' title='bbox 216 3052 375 3144; x_wconf 70' lang='lat' dir='ltr'>sapiens,</span> <span class='ocrx_word' id='word_1_343' title='bbox 398 3073 474 3120; x_wconf 85' lang='lat' dir='ltr'>non</span> <span class='ocrx_word' id='word_1_344' title='bbox 489 3051 587 3120; x_wconf 70' lang='lat' dir='ltr'>rudis</span> <span class='ocrx_word' id='word_1_345' title='bbox 604 3049 808 3135; x_wconf 72' lang='lat' dir='ltr'>literarum,</span> <span class='ocrx_word' id='word_1_346' title='bbox 833 3062 868 3118; x_wconf 92' lang='lat' dir='ltr'>et</span> <span class='ocrx_word' id='word_1_347' title='bbox 883 3043 1056 3140; x_wconf 87' lang='lat' dir='ltr'>hanepo-</span> <span class='ocrx_word' id='word_1_348' title='bbox 1100 3067 1216 3124; x_wconf 90' lang='lat' dir='ltr'>totum</span> <span class='ocrx_word' id='word_1_349' title='bbox 1239 3053 1424 3144; x_wconf 89' lang='lat' dir='ltr'>politicum</span> <span class='ocrx_word' id='word_1_350' title='bbox 1448 3050 1632 3131; x_wconf 90' lang='lat' dir='ltr'>ordinem,</span> <span class='ocrx_word' id='word_1_351' title='bbox 1666 3049 1745 3120; x_wconf 88' lang='lat' dir='ltr'>tolli</span> <span class='ocrx_word' id='word_1_352' title='bbox 1773 3047 2015 3118; x_wconf 89' lang='lat' dir='ltr'>dominiorum</span> <span class='ocrx_word' id='word_1_353' title='bbox 2045 3049 2101 3116; x_wconf 88' lang='lat' dir='ltr'>di·</span> 
     </span>
     <span class='ocr_line' id='line_1_28' title="bbox 64 3150 2100 3248; baseline -0.001 -24"><span class='ocrx_word' id='word_1_354' title='bbox 64 3157 145 3247; x_wconf 90' lang='lat' dir='ltr'>polo</span> <span class='ocrx_word' id='word_1_355' title='bbox 160 3167 335 3248; x_wconf 86' lang='lat' dir='ltr'>proponat</span> <span class='ocrx_word' id='word_1_356' title='bbox 352 3154 498 3237; x_wconf 91' lang='lat' dir='ltr'>ordine,</span> <span class='ocrx_word' id='word_1_357' title='bbox 524 3166 561 3223; x_wconf 85' lang='lat' dir='ltr'>et</span> <span class='ocrx_word' id='word_1_358' title='bbox 578 3151 634 3220; x_wconf 87' lang='lat' dir='ltr'>via</span> <span class='ocrx_word' id='word_1_359' title='bbox 649 3174 739 3245; x_wconf 91' lang='lat' dir='ltr'>quae</span> <span class='ocrx_word' id='word_1_360' title='bbox 757 3151 794 3220; x_wconf 92' lang='lat' dir='ltr'>in</span> <span class='ocrx_word' id='word_1_361' title='bbox 814 3150 975 3236; x_wconf 86' lang='lat' dir='ltr'>docendo</span> <span class='ocrx_word' id='word_1_362' title='bbox 990 3175 1055 3220; x_wconf 90' lang='lat' dir='ltr'>ne·</span> <span class='ocrx_word' id='word_1_363' title='bbox 1101 3155 1344 3238; x_wconf 86' lang='lat' dir='ltr'>stinctionem,</span> <span class='ocrx_word' id='word_1_364' title='bbox 1376 3151 1511 3222; x_wconf 89' lang='lat' dir='ltr'>aboleri</span> <span class='ocrx_word' id='word_1_365' title='bbox 1542 3151 1672 3221; x_wconf 90' lang='lat' dir='ltr'>iudicia</span> <span class='ocrx_word' id='word_1_366' title='bbox 1698 3164 1733 3219; x_wconf 91' lang='lat' dir='ltr'>et</span> <span class='ocrx_word' id='word_1_367' title='bbox 1759 3150 1942 3242; x_wconf 53' lang='lat' dir='ltr'>legitimas⁴</span> <span class='ocrx_word' id='word_1_368' title='bbox 1956 3172 2100 3241; x_wconf 87' lang='lat' dir='ltr'>poenas.</span> 
     </span>
     <span class='ocr_line' id='line_1_29' title="bbox 65 3248 2100 3348; baseline -0.004 -22"><span class='ocrx_word' id='word_1_369' title='bbox 65 3260 207 3327; x_wconf 86' lang='lat' dir='ltr'>cessaria</span> <span class='ocrx_word' id='word_1_370' title='bbox 232 3271 302 3341; x_wconf 85' lang='lat' dir='ltr'>est,</span> <span class='ocrx_word' id='word_1_371' title='bbox 328 3269 362 3324; x_wconf 90' lang='lat' dir='ltr'>et</span> <span class='ocrx_word' id='word_1_372' title='bbox 387 3256 516 3324; x_wconf 82' lang='lat' dir='ltr'>refutet</span> <span class='ocrx_word' id='word_1_373' title='bbox 535 3253 762 3343; x_wconf 87' lang='lat' dir='ltr'>corruptelas.</span> <span class='ocrx_word' id='word_1_374' title='bbox 819 3250 917 3322; x_wconf 87' lang='lat' dir='ltr'>Haec</span> <span class='ocrx_word' id='word_1_375' title='bbox 939 3251 1054 3321; x_wconf 85' lang='lat' dir='ltr'>officia</span> <span class='ocrx_word' id='word_1_376' title='bbox 1102 3255 1253 3326; x_wconf 84' lang='lat' dir='ltr'>Talibus</span> <span class='ocrx_word' id='word_1_377' title='bbox 1279 3253 1565 3348; x_wconf 82' lang='lat' dir='ltr'>dubitationibus</span> <span class='ocrx_word' id='word_1_378' title='bbox 1593 3255 1775 3322; x_wconf 88' lang='lat' dir='ltr'>medeatur</span> <span class='ocrx_word' id='word_1_379' title='bbox 1809 3252 1949 3342; x_wconf 89' lang='lat' dir='ltr'>sapiens</span> <span class='ocrx_word' id='word_1_380' title='bbox 1983 3248 2100 3320; x_wconf 87' lang='lat' dir='ltr'>loter-</span> 
     </span>
     <span class='ocr_line' id='line_1_30' title="bbox 63 3353 2100 3451; baseline -0.003 -24"><span class='ocrx_word' id='word_1_381' title='bbox 63 3361 221 3431; x_wconf 87' lang='lat' dir='ltr'>attribuit</span> <span class='ocrx_word' id='word_1_382' title='bbox 236 3357 377 3428; x_wconf 80' lang='lat' dir='ltr'>Paulus</span> <span class='ocrx_word' id='word_1_383' title='bbox 399 3353 587 3445; x_wconf 88' lang='lat' dir='ltr'>Evangelii</span> <span class='ocrx_word' id='word_1_384' title='bbox 607 3355 789 3438; x_wconf 88' lang='lat' dir='ltr'>ministro,</span> <span class='ocrx_word' id='word_1_385' title='bbox 814 3379 894 3424; x_wconf 91' lang='lat' dir='ltr'>cum</span> <span class='ocrx_word' id='word_1_386' title='bbox 918 3354 983 3424; x_wconf 90' lang='lat' dir='ltr'>ait:</span> <span class='ocrx_word' id='word_1_387' title='bbox 1007 3354 1055 3422; x_wconf 88' lang='lat' dir='ltr'>sis</span> <span class='ocrx_word' id='word_1_388' title='bbox 1100 3383 1200 3451; x_wconf 83' lang='lat' dir='ltr'>pres,</span> <span class='ocrx_word' id='word_1_389' title='bbox 1234 3371 1268 3427; x_wconf 89' lang='lat' dir='ltr'>et</span> <span class='ocrx_word' id='word_1_390' title='bbox 1296 3371 1337 3426; x_wconf 89' lang='lat' dir='ltr'>nt</span> <span class='ocrx_word' id='word_1_391' title='bbox 1362 3356 1488 3426; x_wconf 85' lang='lat' dir='ltr'>artilex</span> <span class='ocrx_word' id='word_1_392' title='bbox 1512 3355 1664 3424; x_wconf 89' lang='lat' dir='ltr'>deducat</span> <span class='ocrx_word' id='word_1_393' title='bbox 1683 3354 1881 3422; x_wconf 86' lang='lat' dir='ltr'>auditorem</span> <span class='ocrx_word' id='word_1_394' title='bbox 1905 3355 1949 3420; x_wconf 92' lang='lat' dir='ltr'>ad</span> <span class='ocrx_word' id='word_1_395' title='bbox 1972 3353 2100 3436; x_wconf 86' lang='lat' dir='ltr'>fontes,</span> 
     </span>
     <span class='ocr_line' id='line_1_31' title="bbox 62 3453 2100 3550; baseline -0.01 -8"><span class='ocrx_word' id='word_1_396' title='bbox 62 3461 210 3550; x_wconf 62' lang='lat' dir='ltr'>diligent</span> <span class='ocrx_word' id='word_1_397' title='bbox 225 3475 260 3531; x_wconf 72' lang='lat' dir='ltr'>el</span> <span class='ocrx_word' id='word_1_398' title='bbox 274 3460 444 3530; x_wconf 65' lang='lat' dir='ltr'>³d⁸id¹¹¹¹⁸</span> <span class='ocrx_word' id='word_1_399' title='bbox 459 3458 497 3526; x_wconf 63' lang='lat'>5¹¹</span> <span class='ocrx_word' id='word_1_400' title='bbox 512 3459 680 3548; x_wconf 62' lang='lat' dir='ltr'>lessessd‘),</span> <span class='ocrx_word' id='word_1_401' title='bbox 704 3457 921 3526; x_wconf 87' lang='lat' dir='ltr'>consolando</span> <span class='ocrx_word' id='word_1_402' title='bbox 939 3470 973 3526; x_wconf 86' lang='lat' dir='ltr'>et</span> <span class='ocrx_word' id='word_1_403' title='bbox 989 3458 1055 3526; x_wconf 84' lang='lat' dir='ltr'>do·</span> <span class='ocrx_word' id='word_1_404' title='bbox 1100 3462 1263 3532; x_wconf 85' lang='lat' dir='ltr'>ostendat</span> <span class='ocrx_word' id='word_1_405' title='bbox 1282 3455 1516 3548; x_wconf 82' lang='lat' dir='ltr'>Evangelium</span> <span class='ocrx_word' id='word_1_406' title='bbox 1539 3455 1744 3525; x_wconf 90' lang='lat' dir='ltr'>concionari</span> <span class='ocrx_word' id='word_1_407' title='bbox 1766 3456 1810 3522; x_wconf 88' lang='lat' dir='ltr'>de</span> <span class='ocrx_word' id='word_1_408' title='bbox 1835 3455 1913 3524; x_wconf 88' lang='lat' dir='ltr'>luce</span> <span class='ocrx_word' id='word_1_409' title='bbox 1929 3454 1965 3520; x_wconf 88' lang='lat' dir='ltr'>in</span> <span class='ocrx_word' id='word_1_410' title='bbox 1981 3453 2100 3524; x_wconf 87' lang='lat' dir='ltr'>cordi·</span> 
     </span>
     <span class='ocr_line' id='line_1_32' title="bbox 61 3552 2100 3641; baseline -0.003 -11"><span class='ocrx_word' id='word_1_411' title='bbox 61 3565 183 3632; x_wconf 82' lang='lat' dir='ltr'>cando.</span> <span class='ocrx_word' id='word_1_412' title='bbox 234 3561 338 3634; x_wconf 90' lang='lat' dir='ltr'>lubet</span> <span class='ocrx_word' id='word_1_413' title='bbox 361 3559 475 3630; x_wconf 87' lang='lat' dir='ltr'>ordiri</span> <span class='ocrx_word' id='word_1_414' title='bbox 498 3582 563 3629; x_wconf 89' lang='lat' dir='ltr'>nos</span> <span class='ocrx_word' id='word_1_415' title='bbox 586 3584 606 3628; x_wconf 91' lang='lat' dir='ltr'>a</span> <span class='ocrx_word' id='word_1_416' title='bbox 628 3559 791 3632; x_wconf 87' lang='lat' dir='ltr'>lectione.</span> <span class='ocrx_word' id='word_1_417' title='bbox 842 3552 1054 3629; x_wconf 85' lang='lat' dir='ltr'>Arithmcti-</span> <span class='ocrx_word' id='word_1_418' title='bbox 1101 3567 1167 3632; x_wconf 83' lang='lat' dir='ltr'>bus</span> <span class='ocrx_word' id='word_1_419' title='bbox 1193 3577 1227 3632; x_wconf 91' lang='lat' dir='ltr'>et</span> <span class='ocrx_word' id='word_1_420' title='bbox 1255 3575 1397 3631; x_wconf 87' lang='lat' dir='ltr'>aeterna</span> <span class='ocrx_word' id='word_1_421' title='bbox 1422 3556 1583 3641; x_wconf 91' lang='lat' dir='ltr'>iusticia,</span> <span class='ocrx_word' id='word_1_422' title='bbox 1618 3555 1720 3626; x_wconf 86' lang='lat' dir='ltr'>Foris</span> <span class='ocrx_word' id='word_1_423' title='bbox 1754 3567 1873 3624; x_wconf 78' lang='lat' dir='ltr'>nartem</span> <span class='ocrx_word' id='word_1_424' title='bbox 1905 3557 2100 3624; x_wconf 82' lang='lat' dir='ltr'>concedere</span> 
     </span>
     <span class='ocr_line' id='line_1_33' title="bbox 58 3653 2098 3754; baseline -0.003 -22"><span class='ocrx_word' id='word_1_425' title='bbox 58 3687 136 3732; x_wconf 69' lang='lat' dir='ltr'>mm</span> <span class='ocrx_word' id='word_1_426' title='bbox 157 3687 231 3734; x_wconf 91' lang='lat' dir='ltr'>non</span> <span class='ocrx_word' id='word_1_427' title='bbox 252 3664 414 3736; x_wconf 85' lang='lat' dir='ltr'>ordimur</span> <span class='ocrx_word' id='word_1_428' title='bbox 435 3687 455 3732; x_wconf 90' lang='lat' dir='ltr'>a</span> <span class='ocrx_word' id='word_1_429' title='bbox 478 3661 645 3744; x_wconf 86' lang='lat' dir='ltr'>lectione,</span> <span class='ocrx_word' id='word_1_430' title='bbox 671 3663 731 3738; x_wconf 82' lang='lat' dir='ltr'>sed</span> <span class='ocrx_word' id='word_1_431' title='bbox 749 3661 968 3752; x_wconf 70' lang='lat' dir='ltr'>naturaipsa</span> <span class='ocrx_word' id='word_1_432' title='bbox 984 3684 1054 3730; x_wconf 87' lang='lat' dir='ltr'>nu·</span> <span class='ocrx_word' id='word_1_433' title='bbox 1098 3689 1204 3735; x_wconf 91' lang='lat' dir='ltr'>usum</span> <span class='ocrx_word' id='word_1_434' title='bbox 1231 3687 1348 3732; x_wconf 88' lang='lat' dir='ltr'>rerum</span> <span class='ocrx_word' id='word_1_435' title='bbox 1372 3659 1616 3754; x_wconf 90' lang='lat' dir='ltr'>politicarum,</span> <span class='ocrx_word' id='word_1_436' title='bbox 1649 3671 1689 3727; x_wconf 91' lang='lat' dir='ltr'>ut</span> <span class='ocrx_word' id='word_1_437' title='bbox 1711 3657 1782 3728; x_wconf 90' lang='lat' dir='ltr'>cibi</span> <span class='ocrx_word' id='word_1_438' title='bbox 1806 3669 1840 3726; x_wconf 89' lang='lat' dir='ltr'>et</span> <span class='ocrx_word' id='word_1_439' title='bbox 1868 3669 1992 3748; x_wconf 87' lang='lat' dir='ltr'>potus,</span> <span class='ocrx_word' id='word_1_440' title='bbox 2018 3653 2098 3747; x_wconf 62' lang='grc' dir='ltr'>α’)</span> 
     </span>
     <span class='ocr_line' id='line_1_34' title="bbox 57 3757 2099 3860; baseline -0.003 -27"><span class='ocrx_word' id='word_1_441' title='bbox 57 3767 288 3836; x_wconf 77' lang='lat' dir='ltr'>metationem</span> <span class='ocrx_word' id='word_1_442' title='bbox 310 3767 429 3847; x_wconf 87' lang='lat' dir='ltr'>docet,</span> <span class='ocrx_word' id='word_1_443' title='bbox 461 3775 496 3834; x_wconf 87' lang='lat' dir='ltr'>et</span> <span class='ocrx_word' id='word_1_444' title='bbox 519 3761 691 3854; x_wconf 89' lang='lat' dir='ltr'>principia</span> <span class='ocrx_word' id='word_1_445' title='bbox 714 3762 907 3832; x_wconf 81' lang='lat' dir='ltr'>adferimus</span> <span class='ocrx_word' id='word_1_446' title='bbox 930 3763 973 3830; x_wconf 92' lang='lat' dir='ltr'>ad</span> <span class='ocrx_word' id='word_1_447' title='bbox 996 3784 1053 3831; x_wconf 88' lang='lat' dir='ltr'>ar·</span> <span class='ocrx_word' id='word_1_448' title='bbox 1100 3767 1185 3860; x_wconf 87' lang='lat' dir='ltr'>qnid</span> <span class='ocrx_word' id='word_1_449' title='bbox 1209 3766 1256 3835; x_wconf 90' lang='lat' dir='ltr'>sit</span> <span class='ocrx_word' id='word_1_450' title='bbox 1278 3764 1445 3854; x_wconf 89' lang='lat' dir='ltr'>politicus</span> <span class='ocrx_word' id='word_1_451' title='bbox 1462 3761 1551 3830; x_wconf 87' lang='lat' dir='ltr'>ordo</span> <span class='ocrx_word' id='word_1_452' title='bbox 1570 3772 1741 3850; x_wconf 86' lang='lat' dir='ltr'>exponat,</span> <span class='ocrx_word' id='word_1_453' title='bbox 1766 3783 1805 3828; x_wconf 90' lang='lat' dir='ltr'>ac</span> <span class='ocrx_word' id='word_1_454' title='bbox 1822 3757 2000 3828; x_wconf 89' lang='lat' dir='ltr'>discernat</span> <span class='ocrx_word' id='word_1_455' title='bbox 2020 3759 2099 3849; x_wconf 90' lang='lat' dir='ltr'>pri-</span> 
     </span>
     <span class='ocr_line' id='line_1_35' title="bbox 55 3858 2098 3958; baseline -0.004 -20"><span class='ocrx_word' id='word_1_456' title='bbox 55 3883 141 3938; x_wconf 85' lang='lat' dir='ltr'>tem.</span> <span class='ocrx_word' id='word_1_457' title='bbox 194 3867 245 3940; x_wconf 86' lang='lat' dir='ltr'>lta</span> <span class='ocrx_word' id='word_1_458' title='bbox 260 3869 305 3936; x_wconf 89' lang='lat' dir='ltr'>de</span> <span class='ocrx_word' id='word_1_459' title='bbox 321 3866 466 3936; x_wconf 87' lang='lat' dir='ltr'>caeteris</span> <span class='ocrx_word' id='word_1_460' title='bbox 482 3865 697 3954; x_wconf 86' lang='lat' dir='ltr'>disciplinis,</span> <span class='ocrx_word' id='word_1_461' title='bbox 721 3887 812 3958; x_wconf 92' lang='lat' dir='ltr'>quae</span> <span class='ocrx_word' id='word_1_462' title='bbox 831 3864 1053 3932; x_wconf 88' lang='lat' dir='ltr'>demonstra·</span> <span class='ocrx_word' id='word_1_463' title='bbox 1099 3881 1214 3938; x_wconf 85' lang='lat' dir='ltr'>vatam</span> <span class='ocrx_word' id='word_1_464' title='bbox 1238 3865 1433 3936; x_wconf 86' lang='lat' dir='ltr'>vindictam</span> <span class='ocrx_word' id='word_1_465' title='bbox 1456 3863 1502 3932; x_wconf 90' lang='lat' dir='ltr'>ab</span> <span class='ocrx_word' id='word_1_466' title='bbox 1528 3861 1655 3930; x_wconf 88' lang='lat' dir='ltr'>ordine</span> <span class='ocrx_word' id='word_1_467' title='bbox 1678 3861 1842 3953; x_wconf 88' lang='lat' dir='ltr'>politico,</span> <span class='ocrx_word' id='word_1_468' title='bbox 1876 3884 1980 3953; x_wconf 89' lang='lat' dir='ltr'>quem</span> <span class='ocrx_word' id='word_1_469' title='bbox 2000 3858 2098 3930; x_wconf 86' lang='lat' dir='ltr'>Deus</span> 
     </span>
     <span class='ocr_line' id='line_1_36' title="bbox 50 3960 2099 4060; baseline -0.004 -22"><span class='ocrx_word' id='word_1_470' title='bbox 50 3969 215 4040; x_wconf 82' lang='lat' dir='ltr'>tionibus</span> <span class='ocrx_word' id='word_1_471' title='bbox 234 3981 466 4052; x_wconf 74' lang='lat' dir='ltr'>entmuntur,</span> <span class='ocrx_word' id='word_1_472' title='bbox 491 3967 710 4060; x_wconf 85' lang='lat' dir='ltr'>dicipotest;</span> <span class='ocrx_word' id='word_1_473' title='bbox 737 3961 1051 4053; x_wconf 86' lang='lat' dir='ltr'>sedEvangelium</span> <span class='ocrx_word' id='word_1_474' title='bbox 1100 3985 1132 4040; x_wconf 87' lang='lat' dir='ltr'>et</span> <span class='ocrx_word' id='word_1_475' title='bbox 1157 3969 1312 4039; x_wconf 89' lang='lat' dir='ltr'>instituit</span> <span class='ocrx_word' id='word_1_476' title='bbox 1335 3981 1369 4037; x_wconf 92' lang='lat' dir='ltr'>et</span> <span class='ocrx_word' id='word_1_477' title='bbox 1393 3965 1578 4056; x_wconf 88' lang='lat' dir='ltr'>adprobat.</span> <span class='ocrx_word' id='word_1_478' title='bbox 1636 3960 1716 4034; x_wconf 86' lang='lat' dir='ltr'>Etsi</span> <span class='ocrx_word' id='word_1_479' title='bbox 1750 3963 1860 4052; x_wconf 88' lang='lat' dir='ltr'>igitur</span> <span class='ocrx_word' id='word_1_480' title='bbox 1886 3985 1960 4030; x_wconf 94' lang='lat' dir='ltr'>non</span> <span class='ocrx_word' id='word_1_481' title='bbox 1984 3963 2099 4052; x_wconf 86' lang='lat' dir='ltr'>gignit</span> 
     </span>
     <span class='ocr_line' id='line_1_37' title="bbox 52 4064 2095 4168; baseline -0.002 -31"><span class='ocrx_word' id='word_1_482' title='bbox 52 4071 228 4143; x_wconf 88' lang='lat' dir='ltr'>dissimile</span> <span class='ocrx_word' id='word_1_483' title='bbox 252 4084 303 4142; x_wconf 84' lang='lat' dir='ltr'>cst</span> <span class='ocrx_word' id='word_1_484' title='bbox 324 4064 590 4163; x_wconf 87' lang='lat' dir='ltr'>Philosophiae.</span> <span class='ocrx_word' id='word_1_485' title='bbox 640 4065 872 4162; x_wconf 84' lang='lat' dir='ltr'>Nequaquam</span> <span class='ocrx_word' id='word_1_486' title='bbox 895 4067 1053 4168; x_wconf 75' lang='lat' dir='ltr'>nascitur</span> <span class='ocrx_word' id='word_1_487' title='bbox 1102 4071 1279 4162; x_wconf 88' lang='lat' dir='ltr'>luterpres</span> <span class='ocrx_word' id='word_1_488' title='bbox 1305 4093 1434 4138; x_wconf 87' lang='lat' dir='ltr'>novam</span> <span class='ocrx_word' id='word_1_489' title='bbox 1461 4066 1680 4149; x_wconf 88' lang='lat' dir='ltr'>doctrinam,</span> <span class='ocrx_word' id='word_1_490' title='bbox 1714 4079 1831 4134; x_wconf 85' lang='lat' dir='ltr'>tamen</span> <span class='ocrx_word' id='word_1_491' title='bbox 1867 4085 2033 4151; x_wconf 86' lang='lat' dir='ltr'>magnum</span> <span class='ocrx_word' id='word_1_492' title='bbox 2061 4077 2095 4133; x_wconf 88' lang='lat' dir='ltr'>et</span> 
     </span>
     <span class='ocr_line' id='line_1_38' title="bbox 50 4167 2095 4264; baseline -0.004 -24"><span class='ocrx_word' id='word_1_493' title='bbox 50 4175 242 4246; x_wconf 88' lang='lat' dir='ltr'>nobiscnm</span> <span class='ocrx_word' id='word_1_494' title='bbox 258 4171 389 4244; x_wconf 85' lang='lat' dir='ltr'>noticia</span> <span class='ocrx_word' id='word_1_495' title='bbox 402 4171 649 4263; x_wconf 87' lang='lat' dir='ltr'>pmmissioois</span> <span class='ocrx_word' id='word_1_496' title='bbox 664 4169 806 4239; x_wconf 85' lang='lat' dir='ltr'>divinae</span> <span class='ocrx_word' id='word_1_497' title='bbox 826 4169 871 4239; x_wconf 91' lang='lat' dir='ltr'>de</span> <span class='ocrx_word' id='word_1_498' title='bbox 891 4167 1051 4238; x_wconf 87' lang='lat' dir='ltr'>reconci-</span> <span class='ocrx_word' id='word_1_499' title='bbox 1098 4175 1243 4244; x_wconf 74' lang='lat' dir='ltr'>difficile</span> <span class='ocrx_word' id='word_1_500' title='bbox 1265 4197 1354 4264; x_wconf 81' lang='lat' dir='ltr'>opus</span> <span class='ocrx_word' id='word_1_501' title='bbox 1379 4170 1547 4252; x_wconf 85' lang='lat' dir='ltr'>sustinet,</span> <span class='ocrx_word' id='word_1_502' title='bbox 1580 4167 1662 4260; x_wconf 91' lang='lat' dir='ltr'>quia</span> <span class='ocrx_word' id='word_1_503' title='bbox 1686 4180 1805 4235; x_wconf 89' lang='lat' dir='ltr'>mente</span> <span class='ocrx_word' id='word_1_504' title='bbox 1828 4177 1941 4234; x_wconf 88' lang='lat' dir='ltr'>totum</span> <span class='ocrx_word' id='word_1_505' title='bbox 1966 4187 2095 4255; x_wconf 88' lang='lat' dir='ltr'>corpus</span> 
     </span>
     <span class='ocr_line' id='line_1_39' title="bbox 48 4267 2095 4368; baseline -0.005 -23"><span class='ocrx_word' id='word_1_506' title='bbox 48 4273 202 4346; x_wconf 83' lang='lat' dir='ltr'>liatione</span> <span class='ocrx_word' id='word_1_507' title='bbox 223 4285 368 4368; x_wconf 79' lang='lat' dir='ltr'>psopter</span> <span class='ocrx_word' id='word_1_508' title='bbox 389 4275 517 4344; x_wconf 87' lang='lat' dir='ltr'>lilium.</span> <span class='ocrx_word' id='word_1_509' title='bbox 565 4269 638 4343; x_wconf 87' lang='lat' dir='ltr'>Sed</span> <span class='ocrx_word' id='word_1_510' title='bbox 654 4267 740 4342; x_wconf 89' lang='lat' dir='ltr'>haec</span> <span class='ocrx_word' id='word_1_511' title='bbox 757 4295 823 4341; x_wconf 87' lang='lat' dir='ltr'>vox</span> <span class='ocrx_word' id='word_1_512' title='bbox 844 4270 1052 4362; x_wconf 86' lang='lat' dir='ltr'>promissio·</span> <span class='ocrx_word' id='word_1_513' title='bbox 1097 4276 1278 4346; x_wconf 87' lang='lat' dir='ltr'>doctrinae</span> <span class='ocrx_word' id='word_1_514' title='bbox 1296 4273 1454 4344; x_wconf 88' lang='lat' dir='ltr'>coelestis</span> <span class='ocrx_word' id='word_1_515' title='bbox 1468 4269 1714 4360; x_wconf 88' lang='lat' dir='ltr'>complectens,</span> <span class='ocrx_word' id='word_1_516' title='bbox 1730 4267 1863 4336; x_wconf 88' lang='lat' dir='ltr'>iudicat</span> <span class='ocrx_word' id='word_1_517' title='bbox 1877 4289 1967 4358; x_wconf 90' lang='lat' dir='ltr'>quae</span> <span class='ocrx_word' id='word_1_518' title='bbox 1981 4289 2095 4334; x_wconf 89' lang='lat' dir='ltr'>mem-</span> 
     </span>
     <span class='ocr_line' id='line_1_40' title="bbox 48 4368 2094 4467; baseline -0.01 -23"><span class='ocrx_word' id='word_1_519' title='bbox 48 4375 112 4446; x_wconf 86' lang='lat' dir='ltr'>nis</span> <span class='ocrx_word' id='word_1_520' title='bbox 127 4380 307 4450; x_wconf 83' lang='lat' dir='ltr'>decretum</span> <span class='ocrx_word' id='word_1_521' title='bbox 322 4389 374 4446; x_wconf 88' lang='lat' dir='ltr'>est</span> <span class='ocrx_word' id='word_1_522' title='bbox 386 4375 565 4467; x_wconf 89' lang='lat' dir='ltr'>prolatum</span> <span class='ocrx_word' id='word_1_523' title='bbox 577 4397 620 4444; x_wconf 87' lang='lat' dir='ltr'>ex</span> <span class='ocrx_word' id='word_1_524' title='bbox 634 4397 764 4443; x_wconf 89' lang='lat' dir='ltr'>arcano</span> <span class='ocrx_word' id='word_1_525' title='bbox 785 4372 935 4443; x_wconf 89' lang='lat' dir='ltr'>consilio</span> <span class='ocrx_word' id='word_1_526' title='bbox 955 4373 1051 4440; x_wconf 87' lang='lat' dir='ltr'>divi·</span> <span class='ocrx_word' id='word_1_527' title='bbox 1096 4380 1159 4448; x_wconf 67' lang='lat' dir='ltr'>bra</span> <span class='ocrx_word' id='word_1_528' title='bbox 1184 4375 1430 4466; x_wconf 72' lang='lat' dir='ltr'>coniungenda</span> <span class='ocrx_word' id='word_1_529' title='bbox 1457 4386 1491 4442; x_wconf 76' lang='lat' dir='ltr'>et</span> <span class='ocrx_word' id='word_1_530' title='bbox 1514 4371 1790 4457; x_wconf 70' lang='lat' dir='ltr'>coagmentanda</span> <span class='ocrx_word' id='word_1_531' title='bbox 1816 4368 1906 4450; x_wconf 72' lang='lat' dir='ltr'>eine,</span> <span class='ocrx_word' id='word_1_532' title='bbox 1927 4389 2016 4459; x_wconf 69' lang='lat' dir='ltr'>quae</span> <span class='ocrx_word' id='word_1_533' title='bbox 2035 4368 2094 4436; x_wconf 76' lang='lat' dir='ltr'>di.</span> 
     </span>
     <span class='ocr_line' id='line_1_41' title="bbox 46 4467 2094 4568; baseline -0.011 -10"><span class='ocrx_word' id='word_1_534' title='bbox 46 4477 196 4566; x_wconf 64' lang='lat' dir='ltr'>nitatis,</span> <span class='ocrx_word' id='word_1_535' title='bbox 220 4495 255 4551; x_wconf 77' lang='lat' dir='ltr'>et</span> <span class='ocrx_word' id='word_1_536' title='bbox 269 4479 384 4552; x_wconf 67' lang='lat' dir='ltr'>literis</span> <span class='ocrx_word' id='word_1_537' title='bbox 397 4479 604 4548; x_wconf 66' lang='lat' dir='ltr'>mandatum</span> <span class='ocrx_word' id='word_1_538' title='bbox 620 4499 683 4567; x_wconf 71' lang='lat' dir='ltr'>per</span> <span class='ocrx_word' id='word_1_539' title='bbox 698 4473 837 4559; x_wconf 65' lang='lat' dir='ltr'>Palm,</span> <span class='ocrx_word' id='word_1_540' title='bbox 853 4468 1050 4568; x_wconf 72' lang='lat' dir='ltr'>Prophetas</span> <span class='ocrx_word' id='word_1_541' title='bbox 1094 4479 1275 4562; x_wconf 78' lang='lat' dir='ltr'>vallanda,</span> <span class='ocrx_word' id='word_1_542' title='bbox 1302 4475 1438 4567; x_wconf 87' lang='lat' dir='ltr'>quaerit</span> <span class='ocrx_word' id='word_1_543' title='bbox 1460 4473 1605 4541; x_wconf 88' lang='lat' dir='ltr'>idoneas</span> <span class='ocrx_word' id='word_1_544' title='bbox 1632 4469 1852 4559; x_wconf 90' lang='lat' dir='ltr'>singolorum</span> <span class='ocrx_word' id='word_1_545' title='bbox 1871 4467 2094 4537; x_wconf 85' lang='lat' dir='ltr'>definitiones</span> 
     </span>
     <span class='ocr_line' id='line_1_42' title="bbox 47 4570 2092 4672; baseline -0.008 -19"><span class='ocrx_word' id='word_1_546' title='bbox 47 4575 307 4672; x_wconf 79' lang='lat' dir='ltr'>etllpostolos,</span> <span class='ocrx_word' id='word_1_547' title='bbox 335 4594 368 4650; x_wconf 93' lang='lat' dir='ltr'>et</span> <span class='ocrx_word' id='word_1_548' title='bbox 391 4580 593 4652; x_wconf 80' lang='lat' dir='ltr'>illustribus</span> <span class='ocrx_word' id='word_1_549' title='bbox 613 4577 679 4650; x_wconf 89' lang='lat' dir='ltr'>Dei</span> <span class='ocrx_word' id='word_1_550' title='bbox 697 4575 924 4662; x_wconf 84' lang='lat' dir='ltr'>testimoniis,</span> <span class='ocrx_word' id='word_1_551' title='bbox 949 4599 1050 4646; x_wconf 88' lang='lat' dir='ltr'>resu·</span> <span class='ocrx_word' id='word_1_552' title='bbox 1095 4598 1129 4654; x_wconf 88' lang='lat' dir='ltr'>et</span> <span class='ocrx_word' id='word_1_553' title='bbox 1151 4581 1362 4658; x_wconf 88' lang='lat' dir='ltr'>divisiones,</span> <span class='ocrx_word' id='word_1_554' title='bbox 1395 4575 1530 4642; x_wconf 87' lang='lat' dir='ltr'>indicat</span> <span class='ocrx_word' id='word_1_555' title='bbox 1563 4571 1649 4666; x_wconf 90' lang='lat' dir='ltr'>quid</span> <span class='ocrx_word' id='word_1_556' title='bbox 1676 4595 1716 4640; x_wconf 83' lang='lat' dir='ltr'>ex</span> <span class='ocrx_word' id='word_1_557' title='bbox 1742 4570 1892 4660; x_wconf 90' lang='lat' dir='ltr'>singulis</span> <span class='ocrx_word' id='word_1_558' title='bbox 1922 4571 2092 4638; x_wconf 86' lang='lat' dir='ltr'>membris</span> 
     </span>
     <span class='ocr_line' id='line_1_43' title="bbox 46 4669 2092 4770; baseline -0.005 -19"><span class='ocrx_word' id='word_1_559' title='bbox 46 4683 238 4756; x_wconf 86' lang='lat' dir='ltr'>scitatione</span> <span class='ocrx_word' id='word_1_560' title='bbox 254 4697 478 4754; x_wconf 66' lang='lat' dir='ltr'>annuarum</span> <span class='ocrx_word' id='word_1_561' title='bbox 501 4695 536 4752; x_wconf 89' lang='lat' dir='ltr'>et</span> <span class='ocrx_word' id='word_1_562' title='bbox 558 4680 638 4749; x_wconf 88' lang='lat' dir='ltr'>aliis</span> <span class='ocrx_word' id='word_1_563' title='bbox 652 4679 833 4748; x_wconf 88' lang='lat' dir='ltr'>miraculis</span> <span class='ocrx_word' id='word_1_564' title='bbox 856 4679 1047 4748; x_wconf 86' lang='lat' dir='ltr'>confirma·</span> <span class='ocrx_word' id='word_1_565' title='bbox 1093 4687 1188 4755; x_wconf 82' lang='lat' dir='ltr'>hona</span> <span class='ocrx_word' id='word_1_566' title='bbox 1212 4675 1463 4770; x_wconf 84' lang='lat' dir='ltr'>consequentia</span> <span class='ocrx_word' id='word_1_567' title='bbox 1482 4675 1717 4744; x_wconf 80' lang='lat' dir='ltr'>extruendum</span> <span class='ocrx_word' id='word_1_568' title='bbox 1734 4673 1796 4758; x_wconf 90' lang='lat' dir='ltr'>sit,</span> <span class='ocrx_word' id='word_1_569' title='bbox 1822 4683 1857 4740; x_wconf 89' lang='lat' dir='ltr'>et</span> <span class='ocrx_word' id='word_1_570' title='bbox 1881 4669 2008 4740; x_wconf 85' lang='lat' dir='ltr'>refutat</span> <span class='ocrx_word' id='word_1_571' title='bbox 2033 4695 2092 4746; x_wconf 61' lang='lat' dir='ltr'>cas</span> 
     </span>
     <span class='ocr_line' id='line_1_44' title="bbox 47 4770 2026 4872; baseline -0.008 -13"><span class='ocrx_word' id='word_1_572' title='bbox 47 4797 123 4855; x_wconf 81' lang='lat' dir='ltr'>tur·</span> <span class='ocrx_word' id='word_1_573' title='bbox 174 4785 252 4856; x_wconf 87' lang='lat' dir='ltr'>Hac</span> <span class='ocrx_word' id='word_1_574' title='bbox 268 4807 352 4854; x_wconf 84' lang='lat' dir='ltr'>voce</span> <span class='ocrx_word' id='word_1_575' title='bbox 369 4807 451 4854; x_wconf 83' lang='lat' dir='ltr'>corn</span> <span class='ocrx_word' id='word_1_576' title='bbox 465 4779 659 4853; x_wconf 80' lang='lat' dir='ltr'>Ecclesiam</span> <span class='ocrx_word' id='word_1_577' title='bbox 676 4780 774 4870; x_wconf 84' lang='lat' dir='ltr'>gigni</span> <span class='ocrx_word' id='word_1_578' title='bbox 795 4793 830 4850; x_wconf 89' lang='lat' dir='ltr'>et</span> <span class='ocrx_word' id='word_1_579' title='bbox 846 4781 964 4870; x_wconf 88' lang='lat' dir='ltr'>colligi</span> <span class='ocrx_word' id='word_1_580' title='bbox 983 4803 1048 4851; x_wconf 88' lang='lat' dir='ltr'>ne·</span> <span class='ocrx_word' id='word_1_581' title='bbox 1093 4783 1264 4863; x_wconf 82' lang='lat' dir='ltr'>lumnias,</span> <span class='ocrx_word' id='word_1_582' title='bbox 1290 4775 1816 4872; x_wconf 83' lang='lat' dir='ltr'>quaespeciealiquaincautos</span> <span class='ocrx_word' id='word_1_583' title='bbox 1833 4770 2026 4862; x_wconf 86' lang='lat' dir='ltr'>decipiunt.</span> 
     </span>
     <span class='ocr_line' id='line_1_45' title="bbox 47 4873 2089 4982; baseline -0.006 -28"><span class='ocrx_word' id='word_1_584' title='bbox 47 4907 144 4956; x_wconf 87' lang='lat' dir='ltr'>cesse</span> <span class='ocrx_word' id='word_1_585' title='bbox 163 4890 225 4973; x_wconf 87' lang='lat' dir='ltr'>sit,</span> <span class='ocrx_word' id='word_1_586' title='bbox 251 4909 342 4982; x_wconf 88' lang='lat' dir='ltr'>quae</span> <span class='ocrx_word' id='word_1_587' title='bbox 356 4887 394 4954; x_wconf 92' lang='lat' dir='ltr'>iu</span> <span class='ocrx_word' id='word_1_588' title='bbox 407 4883 649 4954; x_wconf 88' lang='lat' dir='ltr'>monumentis</span> <span class='ocrx_word' id='word_1_589' title='bbox 664 4877 885 4974; x_wconf 83' lang='lat' dir='ltr'>Prophecicis</span> <span class='ocrx_word' id='word_1_590' title='bbox 899 4897 934 4952; x_wconf 89' lang='lat' dir='ltr'>et</span> <span class='ocrx_word' id='word_1_591' title='bbox 945 4877 1044 4973; x_wconf 85' lang='lat' dir='ltr'>Apo-</span> <span class='ocrx_word' id='word_1_592' title='bbox 1183 4883 1286 4972; x_wconf 88' lang='lat' dir='ltr'>Legit</span> <span class='ocrx_word' id='word_1_593' title='bbox 1302 4880 1400 4951; x_wconf 90' lang='lat' dir='ltr'>rudis</span> <span class='ocrx_word' id='word_1_594' title='bbox 1416 4879 1561 4976; x_wconf 91' lang='lat' dir='ltr'>aliquis:</span> <span class='ocrx_word' id='word_1_595' title='bbox 1589 4877 1626 4946; x_wconf 91' lang='lat' dir='ltr'>in</span> <span class='ocrx_word' id='word_1_596' title='bbox 1642 4875 1818 4968; x_wconf 87' lang='lat' dir='ltr'>principio</span> <span class='ocrx_word' id='word_1_597' title='bbox 1839 4885 1912 4942; x_wconf 88' lang='lat' dir='ltr'>erat</span> <span class='ocrx_word' id='word_1_598' title='bbox 1931 4873 2089 4942; x_wconf 85' lang='lat' dir='ltr'>verbum.</span> 
     </span>
     <span class='ocr_line' id='line_1_46' title="bbox 39 4969 2090 5075; baseline -0.013 -19"><span class='ocrx_word' id='word_1_599' title='bbox 39 4991 187 5060; x_wconf 85' lang='lat' dir='ltr'>stolicis</span> <span class='ocrx_word' id='word_1_600' title='bbox 208 4989 313 5060; x_wconf 90' lang='lat' dir='ltr'>nohis</span> <span class='ocrx_word' id='word_1_601' title='bbox 337 4987 552 5070; x_wconf 85' lang='lat' dir='ltr'>traditaest,</span> <span class='ocrx_word' id='word_1_602' title='bbox 586 4985 670 5055; x_wconf 90' lang='lat' dir='ltr'>satis</span> <span class='ocrx_word' id='word_1_603' title='bbox 692 4981 844 5074; x_wconf 89' lang='lat' dir='ltr'>intelligi</span> <span class='ocrx_word' id='word_1_604' title='bbox 868 4979 1045 5075; x_wconf 77' lang='lat' dir='ltr'>polest,a</span> <span class='ocrx_word' id='word_1_605' title='bbox 1091 4987 1199 5058; x_wconf 83' lang='lat' dir='ltr'>Hunc</span> <span class='ocrx_word' id='word_1_606' title='bbox 1216 5007 1354 5054; x_wconf 83' lang='lat' dir='ltr'>necesse</span> <span class='ocrx_word' id='word_1_607' title='bbox 1369 4981 1590 5063; x_wconf 82' lang='lat' dir='ltr'>estmoneri,</span> <span class='ocrx_word' id='word_1_608' title='bbox 1620 4977 1774 5047; x_wconf 86' lang='lat' dir='ltr'>Verbum</span> <span class='ocrx_word' id='word_1_609' title='bbox 1791 4969 1858 5044; x_wconf 89' lang='lat' dir='ltr'>hoc</span> <span class='ocrx_word' id='word_1_610' title='bbox 1875 4973 1952 5043; x_wconf 88' lang='lat' dir='ltr'>loen</span> <span class='ocrx_word' id='word_1_611' title='bbox 1967 4995 2090 5066; x_wconf 74' lang='lat' dir='ltr'>perso.</span> 
     </span>
     <span class='ocr_line' id='line_1_47' title="bbox 28 5074 2112 5178; baseline -0.007 -20"><span class='ocrx_word' id='word_1_612' title='bbox 28 5083 205 5164; x_wconf 78' lang='lat' dir='ltr'>lectione</span> <span class='ocrx_word' id='word_1_613' title='bbox 231 5091 446 5162; x_wconf 86' lang='lat' dir='ltr'>ordiendum</span> <span class='ocrx_word' id='word_1_614' title='bbox 471 5109 555 5157; x_wconf 84' lang='lat' dir='ltr'>esse.</span> <span class='ocrx_word' id='word_1_615' title='bbox 605 5083 672 5156; x_wconf 90' lang='lat' dir='ltr'>Est</span> <span class='ocrx_word' id='word_1_616' title='bbox 694 5083 803 5174; x_wconf 89' lang='lat' dir='ltr'>igitur</span> <span class='ocrx_word' id='word_1_617' title='bbox 830 5086 985 5177; x_wconf 90' lang='lat' dir='ltr'>primum</span> <span class='ocrx_word' id='word_1_618' title='bbox 1012 5095 1047 5154; x_wconf 87' lang='lat' dir='ltr'>et</span> <span class='ocrx_word' id='word_1_619' title='bbox 1091 5114 1175 5160; x_wconf 86' lang='lat' dir='ltr'>nam</span> <span class='ocrx_word' id='word_1_620' title='bbox 1189 5087 1401 5178; x_wconf 85' lang='lat' dir='ltr'>significare,</span> <span class='ocrx_word' id='word_1_621' title='bbox 1425 5083 1589 5153; x_wconf 88' lang='lat' dir='ltr'>videlicet</span> <span class='ocrx_word' id='word_1_622' title='bbox 1603 5079 1716 5152; x_wconf 85' lang='lat' dir='ltr'>filium</span> <span class='ocrx_word' id='word_1_623' title='bbox 1730 5074 1817 5165; x_wconf 86' lang='lat' dir='ltr'>Dei,</span> <span class='ocrx_word' id='word_1_624' title='bbox 1844 5076 1905 5170; x_wconf 90' lang='lat' dir='ltr'>qui</span> <span class='ocrx_word' id='word_1_625' title='bbox 1921 5075 2008 5149; x_wconf 89' lang='lat' dir='ltr'>alibi</span> <span class='ocrx_word' id='word_1_626' title='bbox 2021 5101 2112 5157; x_wconf 60' lang='lat' dir='ltr'>no-,</span> 
     </span>
     <span class='ocr_line' id='line_1_48' title="bbox 29 5183 1299 5284; baseline -0.004 -26"><span class='ocrx_word' id='word_1_627' title='bbox 29 5194 279 5284; x_wconf 72' lang='lat' dir='ltr'>praecipuum</span> <span class='ocrx_word' id='word_1_628' title='bbox 298 5213 428 5262; x_wconf 90' lang='lat' dir='ltr'>munus</span> <span class='ocrx_word' id='word_1_629' title='bbox 443 5187 599 5260; x_wconf 87' lang='lat' dir='ltr'>doctoris</span> <span class='ocrx_word' id='word_1_630' title='bbox 611 5187 650 5255; x_wconf 90' lang='lat' dir='ltr'>in</span> <span class='ocrx_word' id='word_1_631' title='bbox 664 5183 838 5270; x_wconf 89' lang='lat' dir='ltr'>Ecclesia,</span> <span class='ocrx_word' id='word_1_632' title='bbox 856 5186 969 5276; x_wconf 89' lang='lat' dir='ltr'>legere</span> <span class='ocrx_word' id='word_1_633' title='bbox 981 5209 1045 5276; x_wconf 93' lang='lat' dir='ltr'>po-</span> <span class='ocrx_word' id='word_1_634' title='bbox 1092 5237 1299 5258; x_wconf 81' lang='grc'>.........</span> 
     </span>
    </p>

    <p class='ocr_par' dir='ltr' id='par_1_4' title="bbox 39 5285 1540 5400">
     <span class='ocr_line' id='line_1_49' title="bbox 39 5285 1540 5400; baseline -0.004 -38"><span class='ocrx_word' id='word_1_635' title='bbox 39 5295 133 5376; x_wconf 77' lang='lat' dir='ltr'>puto</span> <span class='ocrx_word' id='word_1_636' title='bbox 151 5295 265 5366; x_wconf 89' lang='lat' dir='ltr'>libros</span> <span class='ocrx_word' id='word_1_637' title='bbox 273 5289 504 5386; x_wconf 88' lang='lat' dir='ltr'>Propheticos</span> <span class='ocrx_word' id='word_1_638' title='bbox 519 5285 786 5384; x_wconf 86' lang='lat' dir='ltr'>etApostolicos</span> <span class='ocrx_word' id='word_1_639' title='bbox 801 5289 845 5358; x_wconf 90' lang='lat' dir='ltr'>ad</span> <span class='ocrx_word' id='word_1_640' title='bbox 860 5289 1020 5362; x_wconf 87' lang='lat' dir='ltr'>verbum.</span> <span class='ocrx_word' id='word_1_641' title='bbox 1125 5329 1153 5400; x_wconf 61' lang='lat'>5&gt;</span> <span class='ocrx_word' id='word_1_642' title='bbox 1170 5327 1254 5384; x_wconf 70' lang='lat' dir='ltr'>Dect.</span> <span class='ocrx_word' id='word_1_643' title='bbox 1271 5329 1438 5394; x_wconf 55' lang='lat' dir='ltr'>,am-,mm</span> <span class='ocrx_word' id='word_1_644' title='bbox 1526 5377 1540 5392; x_wconf 82' lang='lat'>..</span> 
     </span>
    </p>
   </div>
   <div class='ocr_carea' id='block_1_3' title="bbox 39 5412 1585 5583">
    <p class='ocr_par' dir='ltr' id='par_1_5' title="bbox 39 5412 1585 5583">
     <span class='ocr_line' id='line_1_50' title="bbox 39 5412 1375 5486; baseline -0.016 2"><span class='ocrx_word' id='word_1_645' title='bbox 39 5437 257 5464; x_wconf 60' lang='grc'><strong>“”“·--·-··</strong></span> <span class='ocrx_word' id='word_1_646' title='bbox 1050 5471 1054 5480; x_wconf 86' lang='grc'>,</span> <span class='ocrx_word' id='word_1_647' title='bbox 1126 5417 1154 5486; x_wconf 83' lang='grc'>7)</span> <span class='ocrx_word' id='word_1_648' title='bbox 1174 5413 1253 5470; x_wconf 84' lang='lat' dir='ltr'>Decl.</span> <span class='ocrx_word' id='word_1_649' title='bbox 1269 5412 1375 5468; x_wconf 77' lang='lat' dir='ltr'>Lectio.</span> 
     </span>
     <span class='ocr_line' id='line_1_51' title="bbox 70 5491 1585 5583; baseline -0.015 -10"><span class='ocrx_word' id='word_1_650' title='bbox 70 5513 105 5583; x_wconf 74' lang='lat'>5)</span> <span class='ocrx_word' id='word_1_651' title='bbox 127 5515 258 5572; x_wconf 63' lang='lat' dir='ltr'>nutam.</span> <span class='ocrx_word' id='word_1_652' title='bbox 272 5523 366 5571; x_wconf 79' lang='lat' dir='ltr'>same.</span> <span class='ocrx_word' id='word_1_653' title='bbox 1126 5501 1156 5574; x_wconf 76' lang='lat'>8)</span> <span class='ocrx_word' id='word_1_654' title='bbox 1172 5509 1201 5556; x_wconf 82' lang='lat' dir='ltr'>st</span> <span class='ocrx_word' id='word_1_655' title='bbox 1217 5499 1248 5556; x_wconf 85' lang='lat' dir='ltr'>in</span> <span class='ocrx_word' id='word_1_656' title='bbox 1260 5495 1340 5553; x_wconf 82' lang='lat' dir='ltr'>Deci.</span> <span class='ocrx_word' id='word_1_657' title='bbox 1353 5491 1585 5567; x_wconf 74' lang='lat' dir='ltr'>praetermissum·</span> 
     </span>
    </p>
   </div>
   <div class='ocr_carea' id='block_1_4' title="bbox 0 0 2312 6226">
    <p class='ocr_par' dir='ltr' id='par_1_6' title="bbox 0 0 2312 6226">
     <span class='ocr_line' id='line_1_52' title="bbox 0 0 2312 6226; baseline 0 12"><span class='ocrx_word' id='word_1_658' title='bbox 0 0 2312 6226; x_wconf 95' lang='lat' dir='ltr'> </span> 
     </span>
    </p>
   </div>
  </div>
 </body>
</html>
