4586 6224
54 337 119 416 529
620 337 1053 434 EPISTULARUM
1105 343 1320 426 bistili.
1375 347 1506 434 ttso.
1951 409 1956 415 -
2006 362 2084 444 tao

53 497 144 579 Phil.
169 499 270 581 Mal.
295 495 453 583 Lucae
477 497 671 596 Lassae,
696 533 838 607 magno
859 504 936 602 fide
956 532 1037 586 errr-

53 601 157 678 ds'snis‘
196 604 483 682 adolescentiam
530 609 570 680 s‘u
612 609 744 682 inclita
786 608 1037 710 Luneburgu,

364 710 486 784 amico
504 736 592 801 suo,
616 713 652 786 S.
671 711 717 788 D.

51 895 156 981 Plena
173 920 224 977 est
241 906 435 980 illustrium
457 909 713 984 miraculorum
728 912 914 984 universae
931 926 1037 984 uatu-

52 1033 105 1082 rae
125 1010 330 1096 fabricatio,
353 1011 392 1080 in
417 1035 487 1105 qua
512 1014 592 1086 ideo
613 1029 751 1090 tanturn
772 1016 857 1084 artis
881 1017 1037 1086 ostendit

53 1111 320 1206 sapientissimus
343 1114 526 1199 conditor,
558 1131 598 1188 ut
624 1111 679 1186 itis
705 1117 919 1188 testimoniis
950 1141 1036 1188 cou-

53 1213 127 1286 victi
148 1213 248 1286 lateri
269 1235 451 1306 cogamur,
477 1210 572 1288 hunc
588 1213 762 1288 mundum
786 1243 861 1290 non
882 1220 1036 1290 extitisse

51 1339 141 1401 sasu;
164 1328 199 1386 et
220 1328 261 1386 ut
281 1330 484 1388 reverenter
505 1341 735 1410 agnoscamus
762 1334 797 1391 et
819 1321 1036 1392 celebremus

50 1418 274 1490 conditorem.
322 1413 398 1503 Ac,
420 1431 460 1490 ut
475 1420 519 1489 de
533 1421 613 1490 aliis
629 1423 785 1514 partibus
802 1435 949 1492 naturae
966 1424 1035 1492 iam

51 1519 262 1604 condicam,
285 1520 489 1590 mirandum
507 1545 597 1613 opus
611 1524 678 1594 Dei
693 1537 744 1594 est
760 1525 986 1596 tenebrarum
1002 1536 1036 1594 et

51 1621 134 1694 lucis
163 1620 364 1707 distinctio,
390 1634 425 1694 et
455 1624 568 1693 ocsrlis
598 1619 785 1696 hominum
815 1625 868 1696 vis
896 1627 1036 1716 cognita

51 1723 128 1798 ioci.
176 1719 245 1794 Hic
267 1747 358 1816 quae
387 1747 528 1794 caussae
559 1727 750 1798 monstrari
782 1741 947 1818 possunt,
974 1752 1037 1798 cur

49 1821 112 1896 itae
125 1823 329 1916 pelliculae,
354 1827 467 1906 nervi,
491 1821 672 1912 humores,
694 1828 875 1898 domicilia
890 1831 961 1899 siut
980 1830 1036 1898 lu-

49 1928 93 1998 eis
108 1937 141 1997 et
156 1925 251 1996 velut
265 1924 329 1996 sot
344 1927 382 1996 in
398 1921 556 2000 humano
574 1930 748 2022 corpore?
790 1929 894 2002 Foris
908 1944 1038 2002 utcun-

48 2052 113 2124 que
128 2027 330 2108 mirandum
353 2030 587 2123 adspicimus,
612 2033 739 2104 eteius
756 2031 927 2103 beneficio
946 2033 1039 2102 frui-

1089 513 1274 586 dissimilia
1300 539 1427 606 genera
1452 521 1656 594 adfectuum
1684 525 1862 615 condidit,
1885 530 1939 604 ita
1964 531 2083 623 assidit

1088 616 1188 706 signa
1202 619 1425 694 diversorum
1442 625 1644 696 adfectuum
1667 627 1706 696 iu
1727 631 1825 700 sensis
1845 655 1930 704 esse.
1980 633 2082 708 Hanc

1089 720 1355 808 congruentiam
1375 725 1631 814 sapientissime
1656 731 1855 804 ordinatum
1878 760 1956 808 esse
1973 761 2082 829 agno-

1088 843 1238 908 scamus,
1260 824 1422 915 etipsam
1437 825 1612 914 Musicen,
1637 845 1677 904 ut
1692 829 1758 903 Dei
1772 859 1862 926 opus
1879 863 1920 909 ac
1930 841 2084 927 donum,

1089 945 1317 1010 veneremurt
1338 937 1371 998 et
1395 941 1435 998 ut
1455 951 1594 1023 semper
1614 933 1690 1004 eius
1706 934 1744 1004 in
1765 940 1872 1009 sarria
1887 945 2084 1032 congressi-

1088 1024 1155 1094 bus
1170 1047 1254 1096 usus
1269 1028 1348 1108 init,
1365 1028 1411 1100 ita
1428 1031 1592 1118 sciamus,
1606 1036 1762 1106 studiose
1778 1033 1964 1112 bernerius
1978 1066 2081 1114 usmn

1089 1129 1260 1195 tuendum
1276 1151 1360 1201 esse.
1413 1129 1484 1200 Nec
1502 1135 1656 1224 profecto
1671 1139 1864 1233 quidquam
1877 1145 2018 1215 dulcius
2032 1159 2084 1217 est

1088 1221 1226 1296 homini
1242 1253 1315 1299 non
1332 1245 1545 1320 monstroso,
1560 1259 1666 1330 quam
1682 1241 1844 1314 doctrina
1859 1245 1977 1316 verbis
1992 1262 2084 1318 recte

1087 1328 1289 1416 illustrata,
1320 1357 1410 1426 quae
1432 1335 1536 1404 bonis
1566 1333 1759 1410 harmoniis
1783 1345 1826 1413 ad
1853 1369 1955 1417 aures
1978 1361 2083 1442 atque

1088 1430 1227 1500 animos
1242 1435 1430 1523 perfertur.
1481 1434 1530 1507 Et
1543 1461 1665 1510 sensus
1682 1455 1843 1530 testatur,
1866 1447 1929 1520 tali
1945 1449 2083 1522 Musica

1088 1531 1181 1602 liecti
1198 1534 1337 1604 animos
1351 1549 1428 1606 tum
1445 1541 1487 1608 ad
1505 1541 1666 1623 dolores,
1693 1569 1773 1615 cum
1787 1547 1940 1620 audiunt
1954 1575 2083 1644 quars-

1089 1635 1140 1702 las
1156 1637 1200 1704 de
1217 1637 1349 1706 nostris
1371 1639 1530 1726 delictis,
1555 1643 1611 1712 vei
1634 1644 1802 1736 iugsdues
1823 1651 2015 1722 cantilenas
2038 1655 2083 1723 de

1090 1736 1231 1827 poenis,
1256 1749 1332 1806 tum
1354 1763 1438 1810 vero
1457 1743 1561 1812 etiam
1582 1745 1707 1830 leniri,
1733 1773 1814 1819 cum
1832 1753 1984 1824 audiunt
2002 1755 2084 1824 dul-

1089 1837 1201 1907 ciores
1216 1839 1386 1910 melodias
1406 1845 1449 1912 de
1466 1841 1533 1914 Dei
1549 1843 1808 1936 misericordia,
1833 1863 1867 1922 et
1879 1854 2023 1925 accendi
2038 1858 2085 1926 ad

1091 1940 1364 2015 invocationem.
1420 1941 1516 2016 Haec
1538 1971 1618 2016 cum
1641 1949 1689 2019 ita
1709 1951 1798 2036 sint,
1831 1953 2009 2026 laudanda
2034 1970 2086 2028 est

1091 2041 1254 2112 voluntas
1276 2042 1470 2126 artificum,
1495 2048 1556 2142 qui
1577 2049 1664 2120 tales
1680 2053 1871 2140 melodias,
1894 2058 2001 2128 utiles
2018 2061 2085 2130 do-

47 2153 139 2202 mur:
159 2129 221 2198 sed
234 2151 372 2200 caussas
386 2132 529 2222 penitus
541 2157 615 2206 uon
632 2134 804 2220 videmus,
818 2157 906 2227 quas
919 2148 1038 2205 tamen
1091 2145 1210 2214 tendis
1228 2159 1262 2216 et
1275 2141 1460 2218 flectendis
1478 2150 1607 2221 animis
1628 2153 1757 2236 edunt,
1780 2169 1817 2228 et
1831 2162 2032 2232 conservari
2049 2174 2086 2232 et

46 2235 82 2302 iu
110 2231 171 2302 iila
194 2229 338 2302 coelesti
359 2229 548 2306 Academia
578 2235 773 2320 discemus,
812 2259 893 2304 cum
924 2237 1038 2304 ideam
1091 2245 1281 2314 transmitti
1297 2248 1341 2316 ad
1366 2261 1524 2338 posteros
1536 2265 1676 2330 careant.
1726 2255 2086 2335 Sitaotemdelectus

52 2333 155 2406 totius
176 2332 307 2424 opificii
329 2347 446 2406 mente
467 2335 588 2406 divina
613 2337 843 2408 intuebimur.
893 2334 941 2408 Et
959 2337 1039 2430 qui·
1092 2359 1167 2416 tum
1189 2347 1226 2414 iu
1254 2349 1432 2420 veteribus
1455 2363 1531 2422 trun
1557 2355 1677 2441 novis,
1707 2371 1748 2428 ut
1776 2360 1863 2431 tales
1893 2364 2085 2434 cantilenas

52 2439 126 2506 dem
141 2433 222 2502 ideo
238 2435 316 2504 vult
330 2457 396 2504 nos
409 2435 506 2506 Deus
522 2437 560 2506 in
577 2433 643 2510 hac
659 2439 803 2510 mortali
818 2439 890 2509 vita
907 2453 942 2509 et
959 2453 1041 2508 tan-
1091 2447 1203 2520 discat
1224 2448 1408 2536 iuventus,
1435 2477 1524 2546 quae
1546 2479 1664 2525 veram
1687 2473 1721 2529 et
1744 2462 1932 2534 salutarem
1953 2466 2086 2536 doctri-

47 2560 149 2632 quam
177 2535 214 2604 iu
238 2537 365 2608 umbra
386 2539 558 2632 quaedam
582 2539 683 2610 initia
712 2536 821 2610 buius
848 2541 1040 2632 sapientiae
1092 2573 1175 2617 nam
1197 2541 1396 2626 continent.
1445 2551 1536 2625 Cum
1561 2555 1671 2648 igitur
1691 2563 1885 2652 prudenter
1906 2577 1940 2634 et
1966 2565 2023 2657 pie
2044 2591 2086 2638 er

46 2641 199 2718 discere,
223 2651 265 2709 ut
278 2638 465 2710 admiratio
481 2653 623 2712 nostros
638 2643 778 2712 animos
797 2642 982 2714 exsuscitet
995 2645 1039 2714 ad
1092 2651 1269 2724 veteribus
1283 2653 1470 2726 cantilenis
1484 2681 1590 2747 puras
1604 2671 1636 2729 et
1650 2659 1948 2735 incontaminatas
1964 2689 2087 2760 super-

44 2739 276 2833 expetendam
293 2739 391 2810 illam
407 2737 564 2814 melioris
580 2738 721 2814 scholae
734 2745 945 2816 doctrinam.
976 2741 1043 2816 Est
1091 2752 1238 2823 stitiosis
1262 2757 1446 2828 sententiis
1468 2759 1632 2850 elegeris,
1659 2761 1815 2833 laborem
1840 2779 1939 2836 tuum
1961 2769 2086 2840 utilem

43 2858 78 2914 et
96 2840 275 2930 singulare
290 2841 357 2912 Dei
374 2865 464 2936 opus
477 2866 599 2914 sensus
613 2844 768 2916 Musices
784 2845 821 2916 iu
842 2840 988 2916 homine
1008 2860 1043 2917 et
1091 2855 1167 2924 iore
1190 2879 1293 2947 spero
1325 2857 1368 2926 ad
1401 2859 1626 2932 invitandum
1657 2863 1876 2938 iuventutem
1907 2867 2013 2940 simul
2042 2873 2087 2940 ad

43 2941 256 3016 diiudicatio
274 2966 457 3014 sonorum.
507 2946 568 3016 Sic
591 2946 733 3016 condita
757 2959 810 3017 est
833 2961 979 3030 natura,
1001 2959 1052 3018 ιιι
1092 2955 1247 3024 Musices
1262 2979 1435 3044 amorem,
1461 2965 1554 3033 etad
1573 2963 1736 3035 exercitia
1755 2968 1893 3058 pietatis
1909 2983 2013 3064 atque
2030 2973 2091 3042 in-

42 3059 161 3118 certos
184 3067 311 3114 vocum
337 3047 485 3134 gradus,
524 3060 652 3132 mettas,
687 3047 874 3120 intervalla
901 3047 1042 3134 sentiat,
1091 3055 1300 3132 vocationis.
1349 3057 1550 3138 Benevale.
1601 3063 1969 3146 Calend.ian.1550.
2013 3071 2087 3162 Qui

37 3147 199 3220 suaviter
226 3145 410 3218 adficiatur
431 3148 616 3218 concinnis
645 3149 811 3234 vocibus,
841 3149 1043 3221 offendatur
1092 3183 1171 3228 cum
1196 3159 1240 3230 sit
1264 3183 1379 3230 annus
1403 3159 1746 3260 Quinquagesimus,
1781 3171 1917 3242 utinam
1941 3197 2022 3242 vere
2042 3173 2088 3244 sit

38 3247 248 3322 contrariis:
274 3247 348 3320 imo
365 3263 538 3344 quantum
556 3247 768 3324 miraculum
782 3264 847 3338 est,
863 3250 944 3322 aliis
957 3246 1043 3324 isar·
1095 3257 1289 3340 iubilaeus,
1317 3275 1351 3332 et
1377 3265 1635 3357 mitigationem
1668 3267 1825 3365 aliqu'am
1849 3273 2086 3345 calamitatum

36 3350 177 3424 moniis
191 3349 281 3422 alios
293 3373 354 3422 seu
366 3351 501 3436 cordis,
525 3375 586 3424 seu
607 3353 798 3446 spirituum
814 3367 933 3426 motus
948 3355 1043 3429 exei-
1091 3359 1260 3434 Ecclesiis
1275 3363 1425 3436 adferat!
1786 3371 1793 3378 ·

38 3453 138 3526 tari?
189 3449 432 3524 Alexandrum
458 3453 544 3526 certi
569 3469 693 3526 cantus
720 3457 978 3542 accendebant,
1002 3469 1043 3528 ut

36 3555 188 3626 arderet
203 3555 387 3645 pugnandi
401 3555 608 3648 cupiditate:
641 3555 830 3630 flectebant
843 3557 906 3627 alii
920 3581 1043 3630 rursus

35 3659 86 3730 sd
106 3655 291 3726 lenitatem
315 3669 351 3726 et
373 3655 538 3750 quietern.
595 3657 786 3748 Quomodo
805 3660 1042 3749 intelligemus
1103 3679 1169 3752 No,
1185 3681 1298 3755 4649,
1733 3701 1765 3767 4.
1794 3691 1861 3764 im.
1886 3695 2056 3783 (Lipsiae.)

35 3758 152 3831 ierire
171 3757 309 3826 animos
330 3752 441 3828 bisin
467 3759 549 3828 a'dre
571 3761 751 3832 motibus?
800 3757 1043 3851 Agnoscamus
1091 3776 1301 3810 *ἂν
1665 3790 2087 3841 mer-„2

36 3857 132 3932 haec
150 3883 257 3960 opera
276 3855 362 3944 Ilei,
387 3859 524 3929 etiamsi
547 3885 772 3932 caussasuou
796 3863 938 3955 penitus
961 3885 1041 3954 per·
1141 3893 1147 3906 ·
1251 3881 1452 3994 Georgi„
1475 3881 1627 3969 princ·
1652 3881 1926 3974 Amph-no·

35 3961 234 4058 spicimus,
265 3983 307 4030 ac
324 3957 440 4031 Deum
463 3963 697 4049 celebremus,
729 3963 790 4056 qui
815 3961 933 4053 magni
959 3987 1043 4050 usus
1688 4062 1695 4076 ⁸

33 4085 169 4138 caussa
194 4075 342 4134 naturae
370 4057 558 4134 hominum
588 4057 686 4136 hunc
715 4087 857 4135 sensum
886 4063 1044 4135 Musices
1175 4060 1318 4134 spinas.
1336 4061 1371 4117 ¹¹·
1387 4060 1486 4132 um·
1504 4061 1558 4130 ¹0¹¹·
1573 4060 1725 4120 ¹·‹t¹¹¹·¹¹¹··
1742 4063 1773 4120 ¹¹·
1789 4063 1929 4134 sparta.

34 4165 192 4236 indidit.
243 4157 457 4233 Aristoteles
474 4187 612 4236 caussas
632 4179 704 4236 tres
718 4179 856 4236 narrat:
881 4165 1044 4284 primam,
1127 4264 1132 4272 Ι
1232 4215 1275 4287 D
1315 4213 1518 4314 Georgia
1546 4211 1717 4316 Principe.
1737 4219 1777 4289 in
1805 4213 1952 4292 Aah-au
2024 4265 2080 4285 ...-

33 4268 152 4362 quia,
185 4291 265 4339 cum
288 4265 392 4340 labor
423 4267 691 4340 remissionibus
713 4267 983 4358 indigeamint
1006 4293 1043 4336 rn
1278 4276 1285 4291 '

34 4382 177 4440 natura
213 4363 381 4438 honestae
412 4371 583 4462 quaedam
618 4371 815 4462 voluptates
840 4369 1044 4450 ordinatae,
1095 4352 1142 4437 S.
1164 4367 1209 4444 l).
1269 4369 1508 4440 illustrissime
1542 4365 1724 4458 Princeps.
1777 4367 1867 4440 Veni
1900 4366 2087 4470 lipsium,

32 4471 181 4568 quibus
197 4469 402 4560 defatigatae
415 4471 508 4540 vires
522 4468 742 4544 reficiantur:
767 4471 1046 4542 secundam-esse
1094 4471 1157 4540 ubi
1172 4495 1243 4542 una
1258 4494 1339 4542 cum
1352 4469 1508 4538 Domiuo
1525 4462 1721 4538 laudun
1731 4471 1851 4558 retego
1870 4473 2022 4560 libram,
2046 4491 2086 4548 ut

31 4569 170 4666 inquit
194 4569 435 4664 disciplinam,
460 4569 501 4642 ut
524 4565 590 4644 isac
610 4571 782 4643 suavitate
808 4558 1045 4666 mores'qnasi
1095 4574 1250 4660 paratior
1264 4575 1307 4640 ad
1326 4569 1364 4641 G
1384 4569 1424 4642 V.
1442 4569 1593 4642 veniam.
1643 4569 1712 4640 Sed
1730 4567 2086 4690 puncltacseptima-

31 4677 86 4748 aci
107 4673 390 4744 concinnitatem
415 4668 601 4746 ileciantui
621 4690 655 4746 et
672 4675 758 4744 fiant
773 4673 948 4743 mitiores:
974 4685 1047 4744 ter·
1097 4697 1140 4742 na
1165 4675 1210 4744 ad
1233 4670 1275 4746 C.
1294 4665 1340 4740 V.
1360 4689 1434 4737 nou
1459 4689 1601 4761 possum
1624 4667 1817 4764 prodesset,
1842 4674 1925 4766 quia
1947 4700 2086 4750 necessa

30 4779 134 4850 tiam
149 4775 440 4860 mediationem,
463 4787 506 4844 nt
520 4763 716 4856 moestitia,
740 4775 794 4846 ira
810 4787 844 4845 et
861 4767 1046 4844 alii-vehe-
1095 4786 1147 4843 est
1157 4797 1216 4842 me
1232 4793 1313 4843 mox
1323 4767 1442 4842 redire
1457 4766 1719 4869 Wilabergom
1734 4785 1876 4866 propter
1890 4771 1935 4850 Il.
1952 4773 2086 4850 Docto.

30 4877 243 4950 maestiores
256 4876 579 4950 motuslsniautur.
614 4873 710 4948 Haec
725 4887 856 4948 verret
870 4876 1048 4970 sapienter
1094 4899 1169 4946 rern
1196 4867 1452 4958 Benedictm,
1480 4876 1583 4946 cuius
1613 4897 1722 4966 gener
1753 4873 1942 4946 ornabitur
1970 4884 2087 4970 gradu

29 4981 157 5054 dicta.
208 4977 277 5050 Sed
294 5001 368 5048 non
386 4977 536 5048 dubium
551 4991 621 5059 est,
647 4979 871 5070 praecipuam
888 4999 1045 5048 caussam
1094 4971 1309 5058 Doctorum,
1332 4989 1367 5048 et
1381 4977 1425 5045 ad
1440 4978 1744 5050 renunciationem
1764 4977 1895 5066 gradus
1909 5001 2086 5076 mequaa.

31 5105 145 5166 esse,
169 5093 211 5150 ut
226 5080 389 5151 doctriua
404 5079 450 5149 de
466 5077 542 5150 Deo
563 5078 779 5150 carminibus
795 5074 1046 5172 comprehensa
1096 5081 1179 5148 datu
1202 5077 1353 5151 scribere
1377 5091 1531 5168 oportet:
1558 5079 1683 5169 statim¹
1696 5089 1812 5161 autem
1834 5091 1915 5170 ppst
1936 5105 2012 5157 eam
2029 5109 2085 5158 ra-

31 5181 241 5276 propagari
253 5177 359 5252 iatius
372 5166 532 5274 possit·'et
544 5179 679 5252 diutius
694 5177 907 5253 conmrtari.
931 5177 1047 5252 Citius
1098 5181 1361 5251 nuntiationem
1382 5180 1428 5247 ad
1442 5175 1486 5248 C.
1501 5177 1544 5252 Υ.
1559 5181 1716 5262 veniam,
1741 5178 1805 5247 ubi
1821 5181 2028 5254 intellexero
2043 5185 2086 5262 C.

33 5286 150 5356 euim
167 5281 345 5376 arripiunt
361 5306 468 5356 aures
487 5282 666 5368 mutos,
688 5295 724 5354 et
741 5267 1047 5370 barmoniae‘gra·
1100 5277 1141 5352 tt.
1165 5297 1238 5352 esse
1256 5281 1299 5349 in
1317 5274 1528 5374 ildersdurg.
1578 5275 1839 5350 Nonarbitmr
1858 5281 1990 5354 ituram
2012 5295 2085 5385 esse

33 5401 101 5456 tae
131 5367 326 5476 penetmut
347 5383 455 5456 altius
475 5383 515 5456 iu
536 5384 674 5454 animos
691 5395 728 5454 et
748 5375 894 5452 haerent
916 5382 1049 5454 inme-
1097 5378 1135 5454 C.
1150 5379 1198 5454 V.
1219 5385 1264 5454 ad
1287 5381 1493 5452 eiectionem
1516 5377 1681 5474 Episcopi
1699 5375 1940 5492 Mysqruss's,
1965 5395 2000 5456 et
2020 5392 2084 5456 oto

35 5485 169 5556 moria
186 5483 356 5558 tenacius.
403 5481 452 5556 Et
471 5499 512 5558 ut
527 5507 593 5558 suo
613 5485 767 5580 quodam
788 5479 938 5554 consssio
950 5475 1049 5572 Deus
1098 5482 1138 5556 ut
1155 5479 1299 5558 mihiC.
1315 5479 1361 5556 V.
1383 5483 1469 5576 post'
1486 5481 1674 5560 octiduum,
1690 5481 1878 5572 significet,
1903 5509 1974 5576 quo
1996 5499 2084 5558 tam-

98 5590 291 5658 lisssm.
315 5589 421 5658 Orsa.
447 5591 532 5660 voc.
559 5589 635 5660 Vll.
1420 5581 1469 5657 84

1983 3569 2084 3586 w
