4592 6218
213 325 289 401 tta
789 305 1230 391 salamantinis
1281 308 1387 386 utu.
1411 307 1494 382 illl.
1548 309 1682 388 1⁶51.
1860 379 1862 387 ,
2134 313 2185 388 iil

213 495 419 568 missionem
436 488 644 561 offerentem
660 481 937 558 misericordiam
957 505 1020 576 per
1039 481 1211 554 obedien·
1261 483 1391 574 accepti
1408 503 1481 556 non
1497 495 1642 576 propter
1654 493 1812 556 nostram
1825 481 2027 568 novitatem,
2048 485 2095 556 sest
2109 483 2189 576 inpo-

214 600 302 672 tiam
320 592 537 667 mediatoris.
587 584 729 660 Omitto
752 586 927 658 aliaseius
943 585 1211 677 disputationes,
1262 597 1332 654 tata
1356 587 1461 654 nobis
1478 585 1611 658 institia
1629 597 1775 678 propter
1793 583 2030 658 mediatorem.
2072 581 2145 656 llaec
2159 601 2193 656 est

216 721 304 798 quas
319 683 434 770 obiter
449 689 591 776 intexit,
618 691 656 758 in
673 687 802 782 quibus
818 686 923 757 etiam
945 710 1063 756 avera
1078 683 1211 758 doctri·
1262 688 1456 760 consolatio
1477 685 1680 760 ammarie.
1730 681 1779 758 Et
1801 686 1852 756 sie
1874 682 2056 778 prophetae
2073 689 2195 758 acedm
2253 711 2254 714 ¹

85 781 89 787 ¹
217 825 263 872 na
286 797 445 872 discedit.
496 791 565 866 Sed
590 789 726 864 etiarnsi
746 803 930 860 excusetur
940 777 1135 857 Osiandcr
1153 787 1212 856 lu·
1262 791 1306 858 ad
1321 785 1458 860 Deum:
1482 781 1628 858 salvam
1644 784 1939 886 masaeprapter
1953 781 2194 860 misericordiam

219 925 298 974 cora
328 893 639 990 interpretatione,
671 905 712 962 ut
734 890 851 962 verbis
876 903 1015 962 tantum
1041 889 1212 960 dissidere
1264 887 1414 962 Moises:
1440 887 1612 962 inanem
1625 911 1748 960 caram
1765 896 1797 961 ιι
1815 911 1889 958 „on
1905 897 1957 958 ρει
1973 885 2131 962 imm,
2255 939 2256 952 ,

221 1003 399 1072 videatur:
433 1011 550 1067 tamen
575 993 651 1064 eius
672 985 810 1082 phrasis
830 1015 905 1062 non
928 989 1129 1084 recipienda
1151 1002 1213 1074 est,
1367 990 1510 1064 Medius
1521 1015 1594 1085 quo
1610 1015 1684 1062 non
1698 1003 1750 1062 esc
1763 991 1937 1062 terminus
1950 993 1993 1064 ad
2007 1015 2100 1086 quem
2114 987 2153 1085 (l)

218 1106 301 1198 quia
316 1101 407 1196 parit
422 1097 698 1186 ambiguitatem.
744 1087 793 1162 Et
807 1091 1060 1163 dissimilitudo
1076 1087 1212 1184 phrasis
1365 1091 1470 1164 Fides
1483 1107 1537 1164 est
1551 1093 1707 1164 medium
1721 1116 1792 1185 quo
1807 1091 2044 1180 laetificamur,

218 1207 255 1276 in
271 1201 402 1298 populo
417 1199 531 1290 gignit
544 1195 701 1266 dissidia
738 1191 863 1288 Neque
877 1191 1070 1284 Artopaeo,
1098 1215 1212 1288 neque
1365 1191 1461 1285 Ergo
1476 1196 1563 1264 fides
1577 1209 1629 1266 est
1643 1193 1781 1264 iusticia
1797 1207 1929 1266 nostra.
1957 1247 1973 1268 ,

216 1281 298 1380 eilia
311 1303 577 1378 eoncedendum
593 1313 663 1382 est,
688 1309 729 1366 ut
742 1310 803 1365 aut
820 1289 1032 1366 Osiandrica
1052 1295 1212 1374 doceant,
1263 1293 1429 1366 Concedo
1443 1309 1557 1366 totum
1574 1307 1832 1386 argumentum,
1849 1293 1934 1388 quia
1948 1315 2021 1362 non
2033 1311 2136 1360 sumus
2148 1288 2204 1360 iusi
2256 1345 2257 1380 ᾗ

217 1422 279 1480 aut
306 1403 448 1498 publice
478 1411 681 1496 proponant
711 1397 976 1466 conciliationes
1006 1391 1213 1468 Osiandrici
1264 1399 1332 1466 lide
1345 1411 1492 1488 propter
1505 1397 1684 1492 qualitatis
1699 1395 1811 1487 ipsius
1822 1395 2039 1486 dignitatem,
2057 1393 2204 1461 edom

217 1505 402 1600 dogmatis.
453 1497 549 1572 tissi
570 1500 650 1594 quis
672 1499 874 1568 admonitus
892 1497 1116 1568 nondesinit
1136 1511 1214 1567 tur·
1264 1499 1348 1570 iusti
1374 1497 1609 1592 imputatione
1639 1497 1798 1568 iusticias
1822 1511 1967 1590 propter
1988 1489 2148 1566 Christum
2166 1513 2206 1580 per

215 1613 301 1682 bare
326 1602 537 1700 Ecclesiam,
563 1601 786 1672 defendendo
809 1595 1040 1684 octonarios,
1065 1612 1126 1670 aut
1145 1599 1213 1667 lin·
1263 1600 1553 1673 misericordiam.
1604 1597 1675 1672 Sed
1699 1593 1792 1669 hane
1820 1595 2083 1690 imputationem
2107 1603 2206 1684 oportet

216 1712 333 1802 gendo
355 1704 638 1786 conciliationes,
668 1715 891 1772 removeatur
911 1703 957 1772 ab
971 1701 1104 1786 ollicio,
1130 1699 1212 1796 quia
1264 1697 1484 1794 apprehendi
1499 1717 1533 1772 et
1546 1701 1713 1792 applicari
1727 1700 1833 1770 nobis
1847 1700 1928 1771 lide.
1957 1688 2114 1768 Credidit
2123 1689 2207 1762 Abra·

213 1823 356 1904 oportet
385 1801 478 1876 banc
500 1805 614 1874 lucem
643 1803 796 1873 retinere
820 1801 896 1872 sine
916 1801 1085 1892 caligine,
1117 1801 1213 1894 quod
1263 1795 1354 1875 ham
1372 1799 1455 1874 Deo
1472 1811 1504 1872 et
1521 1802 1705 1900 imputata
1720 1807 1773 1874 cst
1788 1799 1823 1872 ei
1843 1797 2002 1882 iustitia.

216 1911 345 1987 fiducia
363 1907 490 1980 debeat
511 1905 578 1976 niti
602 1903 840 1974 misericordia
857 1901 924 1976 Dei
941 1904 1111 1996 promissa
1129 1927 1214 1996 pro-

215 2029 295 2108 pter
317 2009 558 2084 obedientiam
579 2005 663 2090 filii,
686 2005 777 2076 sicut
800 2002 929 2076 Daniel
952 2005 1089 2100 inquit,
1121 1997 1212 2075 Noa
1279 2015 1353 2024 *-

217 2108 425 2186 iniustitia
450 2117 599 2192 nostra,
624 2101 747 2178 sedin
763 2101 1015 2177 misericordia
1040 2112 1105 2178 taa
1126 2129 1215 2204 pra-
1277 2139 1343 2213 No·
1361 2137 1473 2210 4391·
2078 2133 2213 2217 (mo.)

212 2225 293 2310 pter
306 2209 516 2286 Dominum
533 2203 676 2281 maadi
691 2231 769 2282 nos.
1275 2240 1487 2276 Μ
2080 2225 2208 2258 ...ιν

1538 2337 1688 2425 Icarii.
1711 2283 1992 2428 camerario.

660 2547 664 2564 .
1333 2497 1419 2574 Epist.
1438 2499 1481 2555 ad.
1497 2497 1634 2554 camerac.
1653 2519 1679 2570 p.
1689 2499 1749 2554 stt.
1766 2499 1823 2568 (ed.
1836 2493 1922 2552 land.
1941 2497 1989 2550 lib.
2005 2495 2054 2551 lV.
2071 2512 2110 2568 ep.
2120 2491 2184 2556 titt.
2195 2519 2215 2532 -
2258 2485 2259 2490 ¹

215 2554 281 2626 No.
302 2551 417 2630 ⁴890.
898 2550 1040 2646 (tbrtene
1071 2558 1104 2626 h.
1135 2549 1176 2640 t.)
1367 2569 1430 2622 Non
1449 2584 1521 2624 anno
1542 2567 1630 2628 1549..
1649 2577 1678 2622 ut
1696 2567 1792 2622 editori
1811 2565 1899 2622 visunt
1917 2557 2215 2630 esr,seds.1⁵⁵t.soi·
2258 2575 2259 2582 ¹

222 2649 392 2680 ’Ν
858 2656 1182 2692 Μ
1369 2647 1414 2710 pie
1431 2646 1482 2692 eei·

396 2751 654 2865 (scriplum
681 2753 739 2838 ἆθ
771 2746 1033 2862 Mandro)
1266 2771 1488 2845 Clarissimo
1510 2773 1603 2859 viro,
1635 2769 1838 2845 eruditione
1857 2782 1897 2844 e!
1910 2773 2041 2846 vittata
2054 2765 2217 2872 praestanti

284 2913 359 2981 'fui
377 2911 534 2984 apographo
554 2911 582 2964 in
599 2911 663 2966 cod.
681 2907 753 2966 Galli
773 2909 807 2967 ll.
825 2909 923 2984 pm.
948 2938 984 2951 —
1025 2907 1213 2964 Nonridetur
1265 2871 1508 2949 bachim
1549 2868 1840 2964 camerario,
1875 2873 2006 2976 stain·
2042 2898 2107 2946 5¹¹⁰
2138 2868 2217 2942 ‘alii'

317 2981 452 3052 epistole,
476 2979 523 3034 sed
540 2987 581 3062 est
599 2979 644 3034 vel
660 2990 817 3063 enaerptnm
845 2997 860 3032 e
885 2979 1067 3052 disputatione
1093 2979 1210 3052 publiea,
1706 2975 1815 3064 gimo,

318 3051 364 3110 set
379 3045 486 3126 pagella
504 3049 635 3120 epistolae
652 3049 760 3105 aridem
778 3058 887 3104 inserte.
1204 3063 1211 3073 ·

513 3183 520 3202 ,
558 3183 566 3202 ,
1264 3101 1312 3192 S.
1337 3113 1380 3190 D.
1431 3113 1606 3188 Existimo
1632 3117 1727 3189 idem
1751 3117 1817 3188 tibi
1845 3118 2024 3204 accidere,
2053 3116 2141 3210 qnod
2159 3103 2218 3182 mibi

426 3177 682 3284 PM'PW
706 3178 1001 3259 Mamm·
1265 3218 1402 3290 accidit.
1453 3215 1588 3290 Crescit
1610 3211 1700 3290 mihi
1722 3219 1828 3290 dolor
1844 3221 1888 3288 de
1911 3244 1953 3290 eo
1978 3218 2135 3310 negotio,
2154 3210 2219 3305 quoi

218 3309 412 3400 Osiander
426 3345 464 3390 re
485 3319 559 3414 ipsa
580 3317 744 3409 congruit
762 3341 843 3388 cum
866 3317 1086 3388 doctioribus
1106 3317 1214 3414 Papi·
1264 3333 1299 3388 te
1312 3320 1498 3406 ercruciat.
1529 3318 1721 3414 Nunquam
1738 3321 1786 3390 ita
1802 3346 1857 3390 me
1871 3322 1953 3392 illae
1969 3321 2122 3414 ineptiae
2133 3315 2220 3404 dispe

215 3425 330 3512 sticis,
355 3423 418 3520 qui
434 3421 577 3502 dicunt,
603 3416 786 3489 hominem
804 3441 877 3488 esse
893 3417 1026 3490 iustum
1043 3421 1213 3510 novitate,
1265 3421 1438 3492 tationum
1467 3423 1643 3494 fatuarum
1668 3420 1709 3490 in
1733 3422 1862 3495 vicinia
1887 3423 2108 3502 afflixerunt,
2137 3431 2169 3488 ut
2185 3409 2221 3482 ilii

216 3529 238 3602 i.
254 3551 286 3601 e.
302 3525 365 3596 illa
380 3523 594 3606 obedientia,
620 3546 727 3615 quam
743 3519 850 3590 elficit
864 3518 1018 3612 Spiritus
1035 3518 1071 3594 S.
1088 3522 1127 3591 in
1146 3518 1213 3594 ho·
1264 3545 1374 3594 casus.
1432 3519 1502 3592 Sed
1519 3545 1660 3594 oremus
1675 3519 1811 3608 Deum,
1833 3537 1875 3594 ut
1888 3547 1950 3594 sna
1967 3525 2136 3596 immensa
2148 3515 2221 3585 mitt·

214 3627 373 3698 minibus
395 3625 584 3695 dilectione
607 3635 642 3693 et
665 3621 831 3694 omnibus
847 3623 1051 3694 virtutibus.
1102 3621 1151 3693 Hi
1168 3629 1213 3696 de
1264 3623 1416 3694 ricordia
1433 3637 1529 3694 sanet
1545 3617 1662 3696 etboc
1679 3625 2002 3700 vulnusnostrum.
2052 3622 2153 3696 Recte
2165 3613 2220 3686 leti·
2260 3689 2261 3718 ¹

215 3727 342 3798 effectu
355 3726 424 3798 Dei
447 3725 485 3794 in
507 3723 611 3794 nobis
632 3724 848 3817 loquuntur,
874 3715 942 3792 hoc
961 3723 1038 3794 vult
1054 3721 1212 3797 lnterim.
1264 3725 1309 3798 sti
1334 3725 1431 3818 quod
1453 3749 1528 3795 non
1551 3725 1671 3796 abiisti
1697 3727 1743 3796 ad
1771 3739 1986 3798 conventum
2011 3719 2221 3813 Naotorgn·
2260 3719 2261 3724 ’

214 3829 286 3902 Sed
311 3819 501 3897 Osiander
522 3848 662 3895 causam
685 3825 862 3907 nominat;
890 3825 993 3910 dicit,
1028 3819 1211 3900 hominem
1263 3849 1337 3896 sem
1355 3817 1411 3920 ‘)‚
1445 3827 1528 3922 quia
1549 3827 1594 3896 de
1613 3823 1996 3922 SynodoTridentina
2013 3824 2145 3900 differri
2163 3817 2222 3890 deli·
2259 3843 2261 3906 Ι

215 3953 288 4000 esse
302 3929 435 4000 iustum
451 3923 527 3996 Deo
548 3927 625 4017 ipso
643 3924 682 3996 in
704 3927 808 3996 nobis
828 3919 1031 4012 habitante,
1057 3941 1092 3998 et
1107 3925 1212 4001 habi·
1263 3927 1462 4000 becationes
1479 3941 1637 4020 possunt.

214 4045 289 4102 tare
303 4027 423 4102 Deum
444 4029 483 4098 in
501 4027 605 4098 nobis
623 4039 658 4096 et
677 4049 751 4098 esse
771 4039 930 4118 agentem
948 4051 987 4100 ac
1009 4045 1210 4102 moventem
1364 4025 1523 4102 Advenit
1541 4024 1611 4102 huc
1627 4023 1827 4104 Genueusi's
1850 4031 2074 4116 adolescens,
2097 4025 2154 4124 qui
2168 4043 2222 4094 Μ·

213 4135 257 4204 ad
276 4131 445 4204 salutares
462 4129 629 4202 actiones.
698 4193 708 4210 ,
1263 4143 1317 4202 rat
1333 4126 1512 4222 Augustae
1527 4133 1570 4202 de
1583 4129 1730 4226 Synodo
1747 4131 1927 4204 silentium
1942 4155 2030 4205 esse.
2057 4129 2222 4206 Romanum

313 4229 364 4304 At
383 4243 523 4302 nostrae
543 4225 720 4299 Ecclesiae
742 4231 960 4316 concedunt,
984 4243 1149 4323 oportere
1171 4231 1210 4300 in
1262 4227 1469 4303 Pontificem
1499 4234 1664 4323 colligere
1689 4233 1879 4306 exercitum
1909 4235 1953 4304 ad
1983 4230 2221 4328 recuperandae

213 4333 319 4406 uobis
336 4355 410 4404 esse
430 4332 643 4416 novitatem,
667 4345 702 4402 et
717 4327 833 4402 Deum
859 4355 932 4400 esse
949 4355 1089 4405 causam
1112 4331 1210 4404 illius
1262 4323 1443 4404 Parmam
1459 4325 1529 4434 *‘),
1580 4327 1771 4410 Tatianas
1793 4333 1909 4426 pictor
1932 4335 2091 4411 Venetus
2114 4347 2159 4404 est
2173 4325 2223 4403 An

213 4433 380 4506 novitatis
395 4450 430 4506 et
443 4427 603 4503 babitare
618 4433 656 4500 in
673 4433 803 4503 sanctis
817 4446 851 4502 et
866 4434 917 4502 sic
933 4429 1010 4503 fieri
1027 4427 1210 4504 inhabita·
1261 4448 1399 4524 gustas,
1425 4433 1488 4529 qui
1511 4424 1771 4530 saepesaceedit
1794 4440 1837 4507 ad
1856 4431 2126 4530 imperatorem,
2148 4447 2220 4522 aqva

212 4537 357 4606 tionem.
400 4531 514 4604 Filius
530 4533 617 4604 dicit
630 4535 778 4615 verbum
795 4535 1059 4620 consolationis,
1084 4535 1123 4603 in
1138 4559 1208 4628 quo
1261 4538 1447 4608 accersitus
1472 4551 1542 4620 est,
1576 4563 1615 4607 ac
1640 4522 1761 4608 narrat
1784 4539 2026 4608 valetudinem
2048 4536 2222 4612 medimna

213 4637 322 4707 verbo
346 4637 504 4706 cernitur
525 4635 691 4707 voluutas
716 4636 852 4708 aeterni
879 4636 1007 4730 patris,
1039 4651 1074 4711 et
1102 4635 1209 4706 simul
1262 4659 1345 4706 esse.
1395 4635 1554 4708 Donavit
1579 4637 1774 4730 Imperator
1802 4661 1917 4731 nuper
1943 4640 2047 4710 mille
2074 4641 2222 4709 coronato

213 4739 273 4808 ciat
298 4738 460 4830 spiritum
488 4759 516 4810 e.
541 4737 582 4804 in
605 4737 731 4823 eorda,
762 4735 1010 4809 laetificantem
1040 4739 1147 4810 corda
1175 4752 1209 4811 et
1262 4735 1376 4810 ltalici
1390 4739 1563 4830 po‘e'matis
1578 4741 1706 4818 autori,
1758 4737 1856 4811 Bene
1873 4753 1908 4814 et
1928 4733 2083 4811 lilieiter
2098 4739 2173 4808 vale.

212 4841 459 4910 accendentem
481 4837 706 4907 dilectionem
723 4849 761 4908 et
782 4838 1042 4910 invocationem
1065 4853 1100 4912 et
1120 4840 1209 4910 alias
1960 4837 2099 4936 Philip,
2121 4833 2192 4910 Mel.

213 4939 371 5012 virtutes.
420 4937 490 5010 Sed
514 4950 660 5030 propter
680 4932 772 5008 hanc
791 4941 986 5010 novitatem
1003 4965 1078 5011 non
1100 4935 1209 5014 habet
1264 4937 1481 4960 “’““’““”“””
1873 5020 1882 5036 ,
1920 5021 1927 5034 ,

211 5035 321 5112 homo
350 5039 595 5110 rmbsiooem
628 5053 851 5129 peccatorum
880 5055 919 5114 et
947 5041 1208 5116 reconciliacio-
1291 5051 1322 5116 *t
1342 5047 1404 5103 vta.
1424 5067 1466 5122 ee·
1484 5047 1518 5104 ed
1536 5036 1665 5106 miae.
1684 5047 1713 5103 ‹l-
1729 5047 1776 5106 20.
1791 5024 1870 5108 itast.

211 5163 306 5214 nem.
357 5136 427 5211 Sed
443 5141 543 5230 prius
556 5140 759 5230 accipienda
776 5155 829 5212 est
846 5142 1007 5212 remissio
1023 5155 1059 5212 et
1079 5165 1206 5214 recon-
1292 5135 1340 5199 ”l
1361 5132 1476 5203 &wo
1494 5131 1606 5188 tinum
1626 5139 1766 5190 coemto
1780 5131 2014 5218 Mebnssil,
2033 5139 2223 5218 damnarem·

1327 5213 1448 5258 moratur
1465 5211 1506 5256 est
1525 5219 1610 5272 usque
1631 5202 1664 5255 ad
1683 5213 1826 5256 exeuntem
1846 5203 1979 5274 Aprrlem.
2024 5201 2144 5258 Pontifex
2157 5203 2220 5252 autc!

213 5239 364 5320 tilietio,
381 5241 490 5330 (quae
504 5254 588 5310 sunt
604 5241 804 5312 laetificatio
817 5255 963 5333 propter
976 5244 1203 5316 mediatorem
1328 5289 1423 5326 mense
1444 5269 1523 5325 Febr.
1542 5281 1568 5324 ,ι
1587 5269 1669 5324 trus,
1686 5287 1761 5322 uns
1780 5271 1871 5336 ma
1893 5273 1929 5328 ,a
1953 5271 2159 5345 mma.
2174 5267 2222 5316 er-

211 5341 326 5412 Deum
342 5353 378 5410 et
398 5335 616 5434 hominem),
642 5343 722 5410 bde-
771 5339 848 5414 Hac
863 5343 933 5423 fide
948 5343 1109 5435 intuente
1128 5369 1204 5416 mo.
1327 5358 1416 5422 nno,
1433 5357 1448 5392 ι
1466 5335 1553 5410 eopiis
1571 5335 1684 5391 uattiet·
1701 5349 1872 5419 oseopsna.
1908 5339 2005 5410 Quare
2021 5349 2105 5412 μὴ
2124 5339 2180 5416 ⁸¹³?
2191 5345 2219 5398 sp

212 5443 385 5514 tiatorem
401 5442 600 5512 accedimus
613 5443 657 5512 ad
673 5439 809 5527 Deum,
832 5465 955 5516 eumue
970 5438 1067 5532 iusti,
1088 5446 1130 5526 id
1141 5461 1204 5534 est,
1325 5406 1783 5546 ζξῗξΐῑξζῇᾝζῇᾞέ·
1799 5410 1893 5484 mbr
1910 5425 1968 5470 Μ
1983 5427 2012 5468 0·
2027 5407 2102 5468 ¹⁵⁴⁹·
2117 5411 2145 5462 ὓ*
2155 5411 2218 5458 '¹⁰¹¹
