4624 6216
63 325 136 402 949
645 323 1076 404 urtsronanuat
1130 321 1232 398 lelB.
1257 319 1341 399 llll.
1393 319 1523 399 1551.
2030 325 2108 400 950

60 513 92 569 et
108 497 332 586 resuscitate,
357 511 398 572 nt
415 519 547 594 poenas
564 497 696 578 lenias,
723 513 757 569 et
772 500 910 570 sorores
924 499 1049 568 diabo-
1106 493 1278 566 solatione
1293 507 1471 580 sustento,
1497 495 1593 588 qnod
1610 489 1726 568 Filius
1738 491 1811 569 Dei
1824 497 1961 594 inquit,
1984 491 2104 572 Nemo

61 602 177 668 lorum
201 601 394 692 reprimas,
419 615 454 672 et
480 603 574 671 inter
595 623 660 669 nos
676 597 855 670 Ecclesiae
871 615 952 671 tuae
966 599 1049 670 reli·
1107 593 1226 690 rapiet
1240 618 1320 666 oves
1335 617 1437 666 meas
1453 619 1500 666 ex
1517 595 1693 668 munibus
1710 599 1811 670 meas.
1843 597 1923 693 lpse
1938 603 2021 682 scit,
2036 625 2103 672 nos

61 701 160 794 quias
173 723 304 776 serves.
342 700 439 772 Haec
454 699 544 772 mihi
559 701 729 772 scribenti
743 703 919 798 lacrymae
932 723 1051 772 erum-
1105 699 1318 791 quaesivisse
1343 699 1547 781 veritatem,
1570 712 1605 770 et
1626 714 1666 769 tu
1689 701 1760 772 iam
1783 701 1881 772 vides
1905 702 1945 771 in
1968 703 2102 775 multo-

60 803 216 896 pebant,
249 826 359 896 qnare
378 827 452 874 non
475 805 586 874 multa
611 805 741 873 addere
758 804 870 894 potui.
930 801 1052 873 lntue-
1105 823 1184 868 rum
1199 799 1412 891 scriptorum
1429 800 1745 894 collatioue‚quae
1759 803 1805 872 sit
1820 803 2017 894 simplicior
2033 805 2098 874 ‹lo-

60 905 125 972 bat·
146 904 255 974 etiam
280 917 381 974 tuum
413 918 553 996 pectus,
585 917 619 974 et
640 904 836 996 cogitabam
857 903 990 998 ubique
1013 903 1050 972 in
1105 900 1229 972 ctrina.
1283 899 1482 975 Benevalc.
1534 901 1642 972 Plura
1660 903 1812 974 scribam
1828 897 2100 996 perAndream.

60 1005 198 1094 magnis
221 1005 408 1076 doloribus
430 1029 503 1077 esse
531 1001 692 1075 homines
708 1029 783 1074 non
803 1007 909 1079 leros.
969 1003 1052 1094 Quo
1104 997 1172 1071 Die
1187 1002 1251 1076 25.
1267 999 1370 1077 Febr.

61 1105 117 1176 die
132 1099 153 1176 ὁ
171 1099 398 1202 σεβαστός’)
413 1108 545 1202 accepit
564 1105 677 1196 capita
690 1130 710 1176 a
723 1107 854 1176 uostris
868 1107 997 1198 scripta
1008 1107 1053 1174 de

60 1229 164 1297 pace,
189 1202 418 1298 pharmacum
439 1222 622 1280 sumturus
640 1209 770 1293 luerat,
798 1209 858 1278 sed
881 1231 960 1278 cum
987 1207 1053 1278 ista

61 1305 214 1378 lectione
231 1307 383 1378 nimium
399 1323 597 1382 commotus
618 1322 725 1394 esset,
750 1333 824 1379 non
845 1308 988 1394 sumsit,
1012 1331 1052 1378 ac

62 1407 190 1478 dixisse
226 1409 348 1496 aiunt,
385 1405 442 1482 ὅτι
467 1409 611 1506 εὔχεται
628 1413 772 1502 μᾶλλον
793 1405 1005 1482 ἀποθανεῖν
1028 1401 1053 1502 ἢ

60 1505 199 1603 θεατὴς
221 1503 316 1582 εἶναι
342 1505 515 1608 τοιαύτης
542 1507 733 1594 ἀπειθείας
752 1507 817 1584 καὶ
838 1503 1054 1610 συγχύσεως

60 1613 137 1684 sciar
155 1604 424 1688 euremarus.
743 1677 758 1682 „

161 1709 251 1784 Post
269 1727 420 1786 mortem
434 1703 614 1783 Menaeiii
629 1735 760 1806 quaeso
778 1726 819 1784 nt
839 1712 960 1782 amicis
977 1703 1054 1780 Pa-

64 1833 158 1882 ceam
169 1809 206 1906 ⁴)
221 1815 468 1916 commendes,
494 1839 599 1908 quam
615 1814 653 1883 in
671 1810 938 1905 linguaEbraea
950 1809 1054 1884 scho-

63 1913 116 1983 lae
138 1914 221 2006 plns
246 1917 471 2008 profuturum
494 1937 568 1986 esse
590 1937 711 2006 spero,
737 1937 844 2008 quam
861 1915 969 1998 alios,
992 1915 1053 2008 qui

64 2037 158 2084 nnnc
174 2015 323 2109 quidem
339 2041 419 2086 eum
436 2016 551 2086 locum
567 2029 702 2107 petunt.
742 2014 840 2086 Bene
857 2031 891 2088 et
904 2015 1055 2087 feliciter

64 2117 150 2188 vale.
201 2113 415 2190 Reverendo
439 2115 482 2188 D.
497 2109 651 2186 Pastori
664 2131 699 2190 et
720 2117 800 2188 aliis
822 2117 944 2188 amieis
957 2118 1055 2188 salu-

65 2229 133 2288 tem
149 2229 250 2310 opto.
301 2216 386 2294 Vll.
400 2215 475 2292 Cal.
494 2216 630 2292 Martii.

804 2313 1004 2411 Philippus.

68 2693 270 2822 [Q.

897 2707 953 2770 ΞΒ.
967 2699 1055 2767 Febr.

878 2788 1051 2818 m

435 2875 491 2962 P.
526 2874 691 2962 Edere.

133 3039 220 3112 Epist.
230 3037 278 3095 lib.
292 3035 326 3094 11.
337 3053 365 3112 p.
380 3035 439 3092 tot.
457 3033 512 3105 (sd.
527 3033 614 3091 band.
629 3034 677 3089 lib.
691 3033 726 3088 ll.
738 3051 783 3107 ep.
795 3035 877 3106 155).

363 3189 419 3268 D.
442 3185 594 3264 Paulo
619 3186 772 3264 Ebero

72 3327 117 3414 S.
141 3344 188 3422 D.
251 3343 390 3417 Scimus
417 3357 608 3435 utrumque
636 3341 855 3436 praedictum
876 3365 949 3414 esse
970 3369 1057 3416 voce

72 3445 210 3534 divina,
234 3459 267 3518 et
290 3447 328 3514 in
344 3441 411 3516 hac
433 3470 471 3514 rc
487 3443 598 3514 delira
612 3445 738 3516 mundi
754 3457 891 3516 senecta
907 3446 1058 3518 maiores

73 3545 145 3620 lore
158 3549 386 3622 confusiones
396 3545 651 3636 imperiorum,
672 3547 932 3640 quamlucrnnt
943 3563 1057 3634 antea,

73 3663 238 3722 ettamen
256 3649 389 3720 Filium
404 3645 473 3718 Ilei
498 3647 726 3718 collecturum
750 3669 823 3719 esse
845 3662 879 3718 ct
899 3663 1054 3720 servatu-

74 3773 149 3821 rum
178 3749 396 3831 Ecclesiam,
446 3749 542 3819 iuter
571 3748 665 3838 ipsas
695 3771 886 3838 regnomm
923 3751 1058 3824 ruinas.

75 3848 190 3940 Quare
216 3867 252 3924 et
276 3871 524 3944 praeparemus
547 3849 685 3919 animos
704 3851 748 3919 ad
773 3845 837 3918 bas
859 3873 1059 3938 aerumnas,

76 3966 261 4046 quaesunt
277 3954 315 4022 in
337 3963 548 4044 conspectu,
571 3964 605 4021 et
629 3949 803 4040 erigamus
824 3973 889 4020 nos
912 3951 1058 4023 iuvoca-

78 4054 168 4126 tione
194 4053 282 4128 lilii
306 4051 385 4128 Dei.
452 4049 563 4123 Instat
591 4045 754 4132 ἐπίτασις
784 4046 1059 4124 Saxonicorum

76 4171 253 4241 motuum,
277 4155 407 4252 quibus
428 4153 565 4226 utinam
589 4149 687 4224 Deus
709 4153 769 4224 det
787 4154 975 4226 salutarem
991 4179 1058 4228 κα-

78 4249 300 4356 ταστροφήν.
362 4251 584 4328 Rumoribus
610 4253 695 4324 belli
715 4253 824 4343 magis
848 4280 955 4349 quam
979 4257 1059 4328 aliis

76 4362 183 4431 causis
197 4369 358 4432 retentus
373 4379 470 4438 sum,
487 4381 558 4450 quo
572 4355 692 4426 minus
708 4357 751 4424 ad
763 4351 874 4453 Alpes
888 4351 1060 4429 hactenus

76 4461 286 4534 accesserim.
334 4454 388 4528 Ac
410 4457 603 4530 ratioeiuor
623 4479 689 4526 nos
711 4457 811 4527 brevi
834 4459 980 4546 domum
1002 4483 1060 4530 re-

77 4559 213 4634 diturus
237 4583 311 4631 esse
332 4555 409 4629 Deo
430 4559 587 4632 iuvante.
636 4557 744 4648 Quod
762 4559 963 4629 tabularum
983 4552 1059 4631 Pa-

78 4653 255 4733 laestinae
268 4660 424 4752 exempla
439 4659 603 4740 misistis,
628 4671 661 4729 et
678 4655 767 4728 mibi
781 4673 815 4731 et
836 4661 958 4732 amicis
980 4686 1059 4752 gra·

79 4773 151 4832 turn
165 4764 309 4837 lecistis.
351 4759 449 4850 Quid
467 4759 663 4830 desiderem
680 4760 718 4830 in
735 4759 784 4830 eis
801 4785 918 4832 coram
935 4763 1060 4839 dicam.

77 4855 129 4932 De
143 4861 333 4938 Academia
350 4877 384 4934 et
399 4863 443 4930 de
457 4859 602 4931 familiis
619 4861 766 4946 nostris,
793 4863 865 4934 imo
888 4877 921 4934 et
934 4866 978 4934 de
991 4861 1062 4936 Ec-

79 4963 179 5038 clesia
195 4981 230 5039 et
244 4967 288 5036 de
304 4963 525 5058 posteritate,
550 4985 590 5030 ac
605 4961 650 5029 de
670 4963 799 5032 studiis
808 4965 1064 5048 doctrinamm,

80 5067 139 5134 eui
155 5069 278 5140 dolore
295 5079 329 5136 et
346 5087 429 5136 cura
447 5061 642 5134 excrucior:
668 5073 786 5132 tamen
808 5059 875 5135 bac
895 5089 953 5134 me
975 5087 1062 5136 con·

78 5231 295 5256 Ἢ

112 5317 139 5386 31
158 5321 272 5380 Carolus
287 5321 448 5396 imperator.
482 5317 547 5374 vid.
562 5331 626 5388 epp.
639 5313 666 5372 d.
682 5311 722 5370 19.
734 5321 761 5370 et
775 5311 859 5370 1115.
875 5311 960 5370 Mart.
973 5313 1000 5368 b.
1011 5330 1039 5408 a:

114 5401 143 5472 1)
163 5407 280 5472 Pactus,
303 5407 450 5480 superbum
468 5413 495 5460 et
518 5399 679 5472 impeditam
697 5397 856 5470 ingenium,
879 5401 1063 5470 apostatant,

145 5483 171 5527 et
192 5478 289 5533 misera
306 5475 434 5530 moriter.

1106 1439 1173 1514 No.
1195 1438 1310 1514 5061.

1113 1535 1285 1566 Μ

1732 1445 1791 1518 21.
1803 1447 1891 1509 Febr.
1905 1440 2073 1538 (Noriub.)

1711 1539 2095 1580 W

1483 1661 1722 1780 Fupperis.

1176 1821 1329 1878 Praemisso
1352 1821 1440 1878 libros
1470 1823 1511 1880 lo.
1537 1819 1880 1904 Regiomoutanitsbnlse
1904 1821 2097 1886 direuionum.

1204 1889 1284 1956 (vid.
1299 1901 1396 1946 annot·
1410 1891 1525 1958 hassi,
1542 1909 1589 1962 qur
1605 1907 1664 1946 eam
1680 1891 1846 1963 descripsit)

1107 2043 1334 2144 Magnificis
1360 2046 1469 2136 airis,
1500 2043 1694 2118 nobilitate
1727 2046 1871 2142 generis
1905 2055 1938 2118 et
1967 2046 2097 2120 virtute

1106 2149 1396 2248 praestantibus,
1412 2143 1617 2244 Georgia
1637 2155 1669 2218 et
1685 2141 1958 2220 Huldrtcto
1974 2143 2098 2244 Fug-

1106 2251 1209 2346 geri
1214 2277 1254 2336 s,
1270 2247 1465 2350 fratribus
1477 2247 1688 2346 germanis,
1703 2247 1881 2320 Dominis
1898 2249 1938 2319 in
1954 2247 2098 2321 Ktrct-

1141 2350 1228 2448 berg
1250 2361 1282 2422 et
1306 2345 1598 2436 Weissenborn,
1622 2345 1821 2456 Philippus
1835 2345 2068 2422 Melanthea

1110 2585 1305 2696 Sapienter
1326 2615 1362 2672 et
1381 2623 1464 2672 vere
1479 2599 1614 2672 dictum
1635 2614 1703 2672 est:
1729 2595 2013 2698 Exemplumque
2033 2603 2100 2674 Ilei

1109 2706 1259 2798 qssisque
1281 2715 1334 2774 cst
1356 2701 1396 2771 in
1417 2701 1569 2790 imagine
1596 2724 1716 2794 parva.
1766 2697 1846 2772 Etsi
1868 2703 1964 2772 enim
1988 2705 2101 2776 multa

1109 2804 1260 2875 illustria
1275 2803 1420 2893 vestigia
1436 2798 1533 2872 Deus
1547 2805 1710 2874 conditor
1725 2803 1853 2872 mnndi
1869 2803 1998 2896 passim
2015 2801 2101 2876 huic

1109 2901 1294 2976 machinae
1322 2903 1517 2998 impressit,
1549 2928 1639 2998 quae
1663 2905 1879 2990 ostendunt,
1911 2929 1990 2976 eam
2024 2931 2099 2978 non

1110 3031 1190 3078 casu
1209 3005 1436 3090 confluxisse,
1462 3027 1526 3074 nec
1543 3029 1585 3074 cx
1598 3003 1795 3076 Democriti
1816 3008 1943 3078 atomis
1968 3021 2099 3078 temere

1110 3109 1404 3178 concurrentibus
1420 3120 1538 3176 natatu
1553 3129 1644 3190 esse,
1669 3109 1729 3176 sod
1754 3130 1835 3178 vere
1851 3130 1924 3180 esse
1946 3123 2099 3178 mentem

1110 3205 1445 3292 architectatricem,
1470 3207 1662 3300 sapientem
1680 3222 1714 3280 et
1733 3207 1939 3280 beneficam:
1981 3224 2099 3280 tamen

1111 3311 1150 3380 in
1173 3307 1319 3380 homine
1339 3311 1457 3379 lucent
1479 3307 1679 3379 testimonia
1702 3311 1747 3378 de
1763 3305 1840 3379 Deo
1860 3323 1896 3380 et
1917 3310 1962 3380 de
1977 3311 2103 3402 provi·

1110 3412 1228 3484 dentis
1246 3411 1360 3482 multo
1377 3409 1588 3480 illustriora:
1614 3410 1835 3502 impossibile
1847 3425 1900 3483 est
1914 3410 2021 3498 enim,
2035 3435 2101 3484 na-

1110 3529 1226 3585 turam
1244 3512 1499 3602 intelligentem
1520 3536 1540 3580 a
1565 3535 1639 3579 non
1652 3511 1872 3601 intelligente
1886 3525 1999 3584 ortam
2014 3535 2100 3588 esse.

1111 3613 1175 3685 Est
1200 3637 1282 3705 ergo
1305 3636 1440 3683 numen
1464 3611 1686 3702 intelligens,
1717 3637 1736 3682 a
1763 3637 1835 3705 quo
1862 3615 1932 3684 orti
1966 3637 2099 3690 scimus.

1110 3715 1250 3788 Deinde
1270 3713 1374 3810 quale
1397 3713 1461 3794 sit,
1494 3716 1687 3786 ostendunt
1709 3715 1858 3785 notitiae
1880 3715 2037 3786 lucentes
2058 3715 2097 3784 in

1110 3813 1276 3888 humanis
1295 3813 1475 3886 mentibus
1491 3828 1661 3892 aeternae,
1676 3829 1712 3886 et
1733 3815 1921 3900 immotae,
1945 3817 2100 3902 numeri,

1111 3919 1311 3990 intellectus
1326 3917 1482 4000 ordinis,
1503 3917 1683 3988 distinctio
1694 3939 1834 4004 rerum,
1858 3917 1994 3988 boniet
2012 3918 2100 3988 mali

1110 4023 1322 4112 figurantm,
1359 4041 1578 4102 munerum,
1614 4017 1823 4102 effectuum,
1864 4019 2100 4104 ratiocinatio,

1111 4123 1259 4193 notitiae
1273 4121 1511 4190 discernentes
1524 4113 1671 4188 honesta
1687 4131 1721 4188 et
1735 4119 1870 4210 turpia,
1885 4121 1999 4204 dolor,
2016 4120 2097 4188 vin-

1113 4227 1176 4296 dex
1192 4222 1363 4294 scelerum
1377 4221 1417 4290 in
1432 4219 1599 4292 cordibus
1614 4215 1813 4291 bominum.
1864 4217 1968 4288 Hartc
1989 4232 2098 4290 totam

1112 4323 1338 4416 sapientiam,
1351 4336 1522 4415 tanquam
1535 4319 1654 4390 radios
1669 4343 1753 4390 suae
1766 4319 1855 4390 lucis
1869 4317 2100 4412 sparsitDeus

1111 4430 1150 4497 iu
1167 4421 1354 4496 hominnm
1370 4437 1524 4505 mentes,
1548 4433 1583 4490 ct
1598 4420 1726 4512 sparsit
1751 4420 1851 4505 ideo,
1875 4435 1916 4492 nt
1932 4445 2100 4512 agnosca-

1112 4551 1192 4599 mus
1213 4539 1251 4598 et
1273 4547 1345 4594 esse
1368 4520 1504 4608 Deum,
1523 4533 1559 4594 et
1588 4544 1664 4592 esse
1687 4545 1768 4591 eum
1790 4536 1944 4594 mentem
1957 4524 2099 4615 sapien-

1113 4645 1204 4714 tem,
1235 4648 1411 4708 veracem,
1436 4623 1648 4706 beneficam,
1677 4621 1822 4706 iustam,
1854 4635 2002 4707 castam,
2025 4625 2101 4694 dis-

1113 4740 1314 4802 cernentem
1329 4719 1475 4795 honesta
1491 4735 1526 4794 et
1540 4723 1676 4814 turpia,
1691 4723 1888 4794 intuentem
1908 4733 1943 4796 et
1956 4748 2101 4795 servan-

1113 4847 1184 4904 tem
1199 4849 1310 4919 gcnus
1323 4820 1520 4896 humanum
1537 4837 1573 4896 et
1586 4825 1763 4894 vindicem
1780 4825 1961 4899 acelcmm.

1215 4927 1313 4999 Hace
1329 4949 1408 4996 rum
1424 4927 1496 4996 sint
1511 4925 1704 5010 verissima,
1718 4926 1912 4996 dolendum
1927 4939 1990 5011 est,
2006 4927 2100 4996 mul-

1115 5047 1168 5104 tos
1184 5054 1230 5100 ue
1245 5029 1424 5120 adspicere
1440 5025 1583 5120 quidem
1599 5021 1686 5096 haec
1701 5027 1919 5112 testimonia,
1944 5041 2004 5100 aut
2021 5051 2100 5098 cum

1116 5143 1285 5213 cernunt,
1310 5142 1431 5200 tamen
1453 5151 1493 5198 ea
1511 5129 1674 5198 furenter
1689 5141 1929 5212 contemnere,
1953 5153 2018 5200 uec
2041 5152 2101 5210 re-

1117 5231 1235 5304 uereri
1249 5231 1482 5312 conditorem,
1499 5229 1561 5322 quii
1576 5228 1650 5298 vult
1662 5229 1704 5296 ad
1723 5251 1821 5298 snam
1838 5253 1999 5298 normam
2017 5253 2104 5299 con-

1117 5357 1241 5426 gruere
1255 5345 1374 5402 nostra
1390 5330 1521 5402 iudicia
1536 5343 1570 5400 et
1586 5331 1759 5410 actiones,
1787 5343 1821 5400 ct
1836 5331 1873 5400 in
1889 5343 1964 5402 toto
1978 5353 2105 5420 genere

1118 5433 1275 5508 humano
1292 5431 1572 5605 atrociafigplicts
1590 5430 1713 5523 poenis
1735 5433 1914 5502 atrocibus
1937 5432 2040 5502 etiam
2067 5432 2105 5501 in
