<?xml version="1.0" encoding="UTF-8"?>
<!DOCTYPE html PUBLIC "-//W3C//DTD XHTML 1.0 Transitional//EN"
    "http://www.w3.org/TR/xhtml1/DTD/xhtml1-transitional.dtd">
<html xmlns="http://www.w3.org/1999/xhtml" xml:lang="en" lang="en">
 <head>
  <title>
</title>
<meta http-equiv="Content-Type" content="text/html;charset=utf-8" />
  <meta name='ocr-system' content='tesseract 3.04.00' />
  <meta name='ocr-capabilities' content='ocr_page ocr_carea ocr_par ocr_line ocrx_word'/>
</head>
<body>
  <div class='ocr_page' id='page_1' title='image "./philippimelanth04bindgoog_0488.png"; bbox 0 0 4624 6216; ppageno 0'>
   <div class='ocr_carea' id='block_1_1' title="bbox 252 291 2221 388">
    <p class='ocr_par' dir='ltr' id='par_1_1' title="bbox 252 291 2221 388">
     <span class='ocr_line' id='line_1_1' title="bbox 252 291 2221 388; baseline 0.006 -14"><span class='ocrx_word' id='word_1_1' title='bbox 252 297 329 378; x_wconf 81' lang='lat' dir='ltr'><strong>sta</strong></span> <span class='ocrx_word' id='word_1_2' title='bbox 815 291 1247 376; x_wconf 81' lang='lat' dir='ltr'><strong>EPISTOLARUM</strong></span> <span class='ocrx_word' id='word_1_3' title='bbox 1294 297 1401 378; x_wconf 85' lang='lat' dir='ltr'><strong>LlB.</strong></span> <span class='ocrx_word' id='word_1_4' title='bbox 1432 297 1527 377; x_wconf 84' lang='lat' dir='ltr'><strong>llll.</strong></span> <span class='ocrx_word' id='word_1_5' title='bbox 1583 299 1715 382; x_wconf 78' lang='lat'><strong>15⁵2.</strong></span> <span class='ocrx_word' id='word_1_6' title='bbox 2177 312 2221 388; x_wconf 86' lang='lat' dir='ltr'><strong>tu</strong></span> 
     </span>
    </p>
   </div>
   <div class='ocr_carea' id='block_1_2' title="bbox 131 467 2278 5530">
    <p class='ocr_par' dir='ltr' id='par_1_2' title="bbox 131 467 2278 5530">
     <span class='ocr_line' id='line_1_2' title="bbox 257 467 2226 565; baseline 0.004 -23"><span class='ocrx_word' id='word_1_7' title='bbox 257 485 333 556; x_wconf 91' lang='lat' dir='ltr'><strong>tus,</strong></span> <span class='ocrx_word' id='word_1_8' title='bbox 357 481 392 542; x_wconf 90' lang='lat' dir='ltr'><strong>ct</strong></span> <span class='ocrx_word' id='word_1_9' title='bbox 408 468 494 562; x_wconf 86' lang='lat' dir='ltr'><strong>pelli</strong></span> <span class='ocrx_word' id='word_1_10' title='bbox 510 467 705 555; x_wconf 89' lang='lat' dir='ltr'><strong>calculum,</strong></span> <span class='ocrx_word' id='word_1_11' title='bbox 728 469 760 540; x_wconf 86' lang='lat' dir='ltr'><strong>si</strong></span> <span class='ocrx_word' id='word_1_12' title='bbox 774 467 861 540; x_wconf 91' lang='lat' dir='ltr'><strong>foris</strong></span> <span class='ocrx_word' id='word_1_13' title='bbox 876 482 1016 543; x_wconf 88' lang='lat' dir='ltr'><strong>tantum</strong></span> <span class='ocrx_word' id='word_1_14' title='bbox 1036 471 1077 542; x_wconf 92' lang='lat' dir='ltr'><strong>in</strong></span> <span class='ocrx_word' id='word_1_15' title='bbox 1091 471 1171 544; x_wconf 90' lang='lat' dir='ltr'><strong>loco</strong></span> <span class='ocrx_word' id='word_1_16' title='bbox 1186 471 1254 542; x_wconf 93' lang='lat' dir='ltr'><strong>do·</strong></span> <span class='ocrx_word' id='word_1_17' title='bbox 1306 469 1579 558; x_wconf 73' lang='lat' dir='ltr'>distribuerent,</span> <span class='ocrx_word' id='word_1_18' title='bbox 1600 485 1636 546; x_wconf 87' lang='lat' dir='ltr'><strong>et</strong></span> <span class='ocrx_word' id='word_1_19' title='bbox 1650 494 1793 565; x_wconf 84' lang='lat' dir='ltr'><strong>operam</strong></span> <span class='ocrx_word' id='word_1_20' title='bbox 1806 473 1951 560; x_wconf 87' lang='lat' dir='ltr'><strong>darent,</strong></span> <span class='ocrx_word' id='word_1_21' title='bbox 1977 487 2017 550; x_wconf 92' lang='grc' dir='ltr'><strong>ιιι</strong></span> <span class='ocrx_word' id='word_1_22' title='bbox 2030 469 2226 550; x_wconf 79' lang='lat' dir='ltr'><strong>habentium</strong></span> 
     </span>
     <span class='ocr_line' id='line_1_3' title="bbox 257 570 2228 674; baseline 0.002 -28"><span class='ocrx_word' id='word_1_23' title='bbox 257 573 343 646; x_wconf 89' lang='lat' dir='ltr'><strong>loris</strong></span> <span class='ocrx_word' id='word_1_24' title='bbox 363 572 596 662; x_wconf 74' lang='lat' dir='ltr'><strong>imponantur</strong></span> <span class='ocrx_word' id='word_1_25' title='bbox 617 572 656 642; x_wconf 91' lang='lat' dir='ltr'><strong>in</strong></span> <span class='ocrx_word' id='word_1_26' title='bbox 679 571 769 644; x_wconf 86' lang='lat' dir='ltr'><strong>lacte</strong></span> <span class='ocrx_word' id='word_1_27' title='bbox 798 570 943 662; x_wconf 91' lang='lat' dir='ltr'><strong>caprino</strong></span> <span class='ocrx_word' id='word_1_28' title='bbox 966 573 1128 646; x_wconf 86' lang='lat' dir='ltr'><strong>calefacta</strong></span> <span class='ocrx_word' id='word_1_29' title='bbox 1152 595 1256 666; x_wconf 91' lang='lat' dir='ltr'><strong>poma</strong></span> <span class='ocrx_word' id='word_1_30' title='bbox 1306 585 1382 660; x_wconf 88' lang='lat' dir='ltr'><strong>tus,</strong></span> <span class='ocrx_word' id='word_1_31' title='bbox 1407 573 1447 642; x_wconf 91' lang='lat' dir='ltr'><strong>in</strong></span> <span class='ocrx_word' id='word_1_32' title='bbox 1469 573 1628 644; x_wconf 89' lang='lat' dir='ltr'><strong>absentia</strong></span> <span class='ocrx_word' id='word_1_33' title='bbox 1649 575 1786 645; x_wconf 91' lang='lat' dir='ltr'><strong>domini</strong></span> <span class='ocrx_word' id='word_1_34' title='bbox 1807 573 2065 668; x_wconf 86' lang='lat' dir='ltr'><strong>Praeceptoris,</strong></span> <span class='ocrx_word' id='word_1_35' title='bbox 2090 581 2163 674; x_wconf 89' lang='lat' dir='ltr'><strong>qood</strong></span> <span class='ocrx_word' id='word_1_36' title='bbox 2178 607 2228 651; x_wconf 89' lang='lat' dir='ltr'><strong>mn</strong></span> 
     </span>
     <span class='ocr_line' id='line_1_4' title="bbox 258 671 2229 770; baseline 0.002 -24"><span class='ocrx_word' id='word_1_37' title='bbox 258 671 454 770; x_wconf 89' lang='lat' dir='ltr'><strong>Cynosbati</strong></span> <span class='ocrx_word' id='word_1_38' title='bbox 477 687 636 748; x_wconf 89' lang='lat' dir='ltr'><strong>contusa.</strong></span> <span class='ocrx_word' id='word_1_39' title='bbox 686 671 781 744; x_wconf 88' lang='lat' dir='ltr'><strong>Iusta</strong></span> <span class='ocrx_word' id='word_1_40' title='bbox 801 674 959 764; x_wconf 87' lang='lat' dir='ltr'><strong>profecto</strong></span> <span class='ocrx_word' id='word_1_41' title='bbox 983 687 1035 746; x_wconf 90' lang='lat' dir='ltr'><strong>est</strong></span> <span class='ocrx_word' id='word_1_42' title='bbox 1058 674 1255 764; x_wconf 69' lang='lat' dir='ltr'><strong>indignatio</strong></span> <span class='ocrx_word' id='word_1_43' title='bbox 1305 675 1422 746; x_wconf 89' lang='lat' dir='ltr'><strong>fructu</strong></span> <span class='ocrx_word' id='word_1_44' title='bbox 1437 675 1575 761; x_wconf 89' lang='lat' dir='ltr'><strong>audiat,</strong></span> <span class='ocrx_word' id='word_1_45' title='bbox 1600 699 1670 770; x_wconf 86' lang='lat' dir='ltr'><strong>qua</strong></span> <span class='ocrx_word' id='word_1_46' title='bbox 1690 676 1728 746; x_wconf 92' lang='lat' dir='ltr'><strong>in</strong></span> <span class='ocrx_word' id='word_1_47' title='bbox 1753 689 1851 770; x_wconf 91' lang='lat' dir='ltr'><strong>parte</strong></span> <span class='ocrx_word' id='word_1_48' title='bbox 1875 677 2023 749; x_wconf 78' lang='lat' dir='ltr'><strong>facilitas</strong></span> <span class='ocrx_word' id='word_1_49' title='bbox 2046 695 2229 751; x_wconf 74' lang='lat' dir='ltr'><strong>commetes</strong></span> 
     </span>
     <span class='ocr_line' id='line_1_5' title="bbox 259 767 2277 874; baseline 0.001 -28"><span class='ocrx_word' id='word_1_50' title='bbox 259 777 354 867; x_wconf 90' lang='lat' dir='ltr'><strong>apud</strong></span> <span class='ocrx_word' id='word_1_51' title='bbox 371 773 535 860; x_wconf 89' lang='lat' dir='ltr'><strong>Poetam,</strong></span> <span class='ocrx_word' id='word_1_52' title='bbox 559 767 947 869; x_wconf 76' lang='lat' dir='ltr'><strong>Nn&#39;neoeoeid&#39;i‘onoes‘,</strong></span> <span class='ocrx_word' id='word_1_53' title='bbox 973 770 1063 850; x_wconf 78' lang='grc' dir='ltr'><strong><em>ὅσον</em></strong></span> <span class='ocrx_word' id='word_1_54' title='bbox 1079 774 1120 850; x_wconf 77' lang='grc' dir='ltr'><strong>ἐν</strong></span> <span class='ocrx_word' id='word_1_55' title='bbox 1135 780 1257 870; x_wconf 70' lang='lat' dir='ltr'><strong>puto·</strong></span> <span class='ocrx_word' id='word_1_56' title='bbox 1305 775 1423 846; x_wconf 90' lang='lat' dir='ltr'><strong>luntas</strong></span> <span class='ocrx_word' id='word_1_57' title='bbox 1439 775 1485 846; x_wconf 92' lang='lat' dir='ltr'><strong>ad</strong></span> <span class='ocrx_word' id='word_1_58' title='bbox 1503 775 1700 847; x_wconf 89' lang='lat' dir='ltr'><strong>iuvandum</strong></span> <span class='ocrx_word' id='word_1_59' title='bbox 1721 778 1924 848; x_wconf 89' lang='lat' dir='ltr'><strong>communia</strong></span> <span class='ocrx_word' id='word_1_60' title='bbox 1947 777 2059 850; x_wconf 89' lang='lat' dir='ltr'><strong>studia</strong></span> <span class='ocrx_word' id='word_1_61' title='bbox 2071 783 2230 874; x_wconf 84' lang='lat' dir='ltr'><strong>promptissi·</strong></span> <span class='ocrx_word' id='word_1_62' title='bbox 2276 811 2277 848; x_wconf 76' lang='grc' dir='ltr'><strong>ι</strong></span> 
     </span>
     <span class='ocr_line' id='line_1_6' title="bbox 257 872 2231 976; baseline 0.003 -28"><span class='ocrx_word' id='word_1_63' title='bbox 257 881 309 970; x_wconf 82' lang='grc' dir='ltr'><strong>χῇ</strong></span> <span class='ocrx_word' id='word_1_64' title='bbox 324 873 421 976; x_wconf 79' lang='grc' dir='ltr'><strong>μέγα</strong></span> <span class='ocrx_word' id='word_1_65' title='bbox 445 872 579 971; x_wconf 81' lang='grc' dir='ltr'><strong>ὄνειαρ.</strong></span> <span class='ocrx_word' id='word_1_66' title='bbox 638 873 810 948; x_wconf 79' lang='lat' dir='ltr'>Amemus</span> <span class='ocrx_word' id='word_1_67' title='bbox 833 889 981 949; x_wconf 89' lang='lat' dir='ltr'><strong>naturae</strong></span> <span class='ocrx_word' id='word_1_68' title='bbox 1003 878 1256 951; x_wconf 81' lang='lat' dir='ltr'><strong>consideratio·</strong></span> <span class='ocrx_word' id='word_1_69' title='bbox 1305 899 1362 946; x_wconf 91' lang='lat' dir='ltr'><strong>ma</strong></span> <span class='ocrx_word' id='word_1_70' title='bbox 1378 877 1482 946; x_wconf 89' lang='lat' dir='ltr'><strong>lande</strong></span> <span class='ocrx_word' id='word_1_71' title='bbox 1498 877 1705 967; x_wconf 87' lang='lat' dir='ltr'><strong>dignissima</strong></span> <span class='ocrx_word' id='word_1_72' title='bbox 1722 894 1784 952; x_wconf 89' lang='lat' dir='ltr'><strong>est.</strong></span> <span class='ocrx_word' id='word_1_73' title='bbox 1817 875 1895 970; x_wconf 82' lang='lat' dir='ltr'><strong>Ego</strong></span> <span class='ocrx_word' id='word_1_74' title='bbox 1912 877 2029 972; x_wconf 89' lang='lat' dir='ltr'><strong>igitur,</strong></span> <span class='ocrx_word' id='word_1_75' title='bbox 2048 879 2114 952; x_wconf 86' lang='lat' dir='ltr'><strong>Deo</strong></span> <span class='ocrx_word' id='word_1_76' title='bbox 2129 882 2231 966; x_wconf 79' lang='lat' dir='ltr'><strong>iurante,</strong></span> 
     </span>
     <span class='ocr_line' id='line_1_7' title="bbox 261 975 2232 1076; baseline 0.003 -28"><span class='ocrx_word' id='word_1_77' title='bbox 261 1003 355 1063; x_wconf 90' lang='lat' dir='ltr'><strong>nem,</strong></span> <span class='ocrx_word' id='word_1_78' title='bbox 377 991 411 1049; x_wconf 90' lang='lat' dir='ltr'><strong>et</strong></span> <span class='ocrx_word' id='word_1_79' title='bbox 424 975 492 1046; x_wconf 90' lang='lat' dir='ltr'><strong>Dei</strong></span> <span class='ocrx_word' id='word_1_80' title='bbox 508 977 547 1048; x_wconf 93' lang='lat' dir='ltr'><strong>in</strong></span> <span class='ocrx_word' id='word_1_81' title='bbox 562 999 601 1048; x_wconf 89' lang='lat' dir='ltr'><strong>ea</strong></span> <span class='ocrx_word' id='word_1_82' title='bbox 618 978 853 1070; x_wconf 73' lang='lat' dir='ltr'><strong>praesentiam</strong></span> <span class='ocrx_word' id='word_1_83' title='bbox 865 999 1105 1068; x_wconf 73' lang='lat' dir='ltr'><strong>agnoscamus,</strong></span> <span class='ocrx_word' id='word_1_84' title='bbox 1127 991 1161 1051; x_wconf 89' lang='lat' dir='ltr'><strong>et</strong></span> <span class='ocrx_word' id='word_1_85' title='bbox 1177 1001 1256 1053; x_wconf 79' lang='lat' dir='ltr'><strong>eura</strong></span> <span class='ocrx_word' id='word_1_86' title='bbox 1306 977 1487 1050; x_wconf 90' lang='lat' dir='ltr'><strong>dialectica</strong></span> <span class='ocrx_word' id='word_1_87' title='bbox 1501 993 1685 1072; x_wconf 88' lang='lat' dir='ltr'><strong>praecepta</strong></span> <span class='ocrx_word' id='word_1_88' title='bbox 1697 981 1743 1050; x_wconf 91' lang='lat' dir='ltr'><strong>ab</strong></span> <span class='ocrx_word' id='word_1_89' title='bbox 1757 979 1861 1050; x_wconf 89' lang='lat' dir='ltr'><strong>initio</strong></span> <span class='ocrx_word' id='word_1_90' title='bbox 1876 981 2023 1052; x_wconf 89' lang='lat' dir='ltr'><strong>secundi</strong></span> <span class='ocrx_word' id='word_1_91' title='bbox 2035 981 2110 1054; x_wconf 85' lang='lat' dir='ltr'><strong>libri</strong></span> <span class='ocrx_word' id='word_1_92' title='bbox 2121 997 2232 1076; x_wconf 83' lang='lat' dir='ltr'><strong>repetam,</strong></span> 
     </span>
     <span class='ocr_line' id='line_1_8' title="bbox 262 1074 2277 1177; baseline 0.003 -29"><span class='ocrx_word' id='word_1_93' title='bbox 262 1080 466 1150; x_wconf 87' lang='lat' dir='ltr'><strong>invocemus</strong></span> <span class='ocrx_word' id='word_1_94' title='bbox 491 1093 532 1150; x_wconf 87' lang='lat' dir='ltr'><strong>ut</strong></span> <span class='ocrx_word' id='word_1_95' title='bbox 557 1080 661 1150; x_wconf 89' lang='lat' dir='ltr'><strong>nobis</strong></span> <span class='ocrx_word' id='word_1_96' title='bbox 694 1079 805 1164; x_wconf 90' lang='lat' dir='ltr'><strong>adsit,</strong></span> <span class='ocrx_word' id='word_1_97' title='bbox 840 1103 920 1148; x_wconf 91' lang='lat' dir='ltr'><strong>cum</strong></span> <span class='ocrx_word' id='word_1_98' title='bbox 953 1080 1098 1172; x_wconf 88' lang='lat' dir='ltr'><strong>quidem</strong></span> <span class='ocrx_word' id='word_1_99' title='bbox 1124 1092 1255 1152; x_wconf 90' lang='lat' dir='ltr'><strong>ettam</strong></span> <span class='ocrx_word' id='word_1_100' title='bbox 1307 1079 1408 1172; x_wconf 88' lang='lat' dir='ltr'><strong>eique</strong></span> <span class='ocrx_word' id='word_1_101' title='bbox 1425 1079 1569 1152; x_wconf 90' lang='lat' dir='ltr'><strong>lectioni</strong></span> <span class='ocrx_word' id='word_1_102' title='bbox 1585 1081 1741 1152; x_wconf 88' lang='lat' dir='ltr'><strong>tribuam</strong></span> <span class='ocrx_word' id='word_1_103' title='bbox 1760 1074 1884 1152; x_wconf 91' lang='lat' dir='ltr'><strong>horam</strong></span> <span class='ocrx_word' id='word_1_104' title='bbox 1902 1083 2080 1177; x_wconf 87' lang='lat' dir='ltr'><strong>septimam</strong></span> <span class='ocrx_word' id='word_1_105' title='bbox 2096 1085 2144 1154; x_wconf 92' lang='lat' dir='ltr'><strong>die</strong></span> <span class='ocrx_word' id='word_1_106' title='bbox 2155 1083 2233 1156; x_wconf 84' lang='lat' dir='ltr'><strong>Luae</strong></span> <span class='ocrx_word' id='word_1_107' title='bbox 2276 1077 2277 1088; x_wconf 43' lang='lat'>¹</span> 
     </span>
     <span class='ocr_line' id='line_1_9' title="bbox 261 1178 2277 1280; baseline 0.003 -30"><span class='ocrx_word' id='word_1_108' title='bbox 261 1182 373 1252; x_wconf 90' lang='lat' dir='ltr'><strong>multa</strong></span> <span class='ocrx_word' id='word_1_109' title='bbox 395 1203 523 1270; x_wconf 90' lang='lat' dir='ltr'><strong>magna</strong></span> <span class='ocrx_word' id='word_1_110' title='bbox 549 1181 705 1272; x_wconf 90' lang='lat' dir='ltr'><strong>pericula</strong></span> <span class='ocrx_word' id='word_1_111' title='bbox 734 1195 769 1252; x_wconf 89' lang='lat' dir='ltr'><strong>et</strong></span> <span class='ocrx_word' id='word_1_112' title='bbox 791 1180 1015 1253; x_wconf 88' lang='lat' dir='ltr'><strong>confusiones</strong></span> <span class='ocrx_word' id='word_1_113' title='bbox 1038 1181 1256 1252; x_wconf 86' lang='lat' dir='ltr'><strong>tristissimae</strong></span> <span class='ocrx_word' id='word_1_114' title='bbox 1307 1193 1342 1250; x_wconf 91' lang='lat' dir='ltr'><strong>et</strong></span> <span class='ocrx_word' id='word_1_115' title='bbox 1356 1178 1494 1255; x_wconf 88' lang='lat' dir='ltr'><strong>Martis.</strong></span> <span class='ocrx_word' id='word_1_116' title='bbox 1546 1180 1604 1252; x_wconf 87' lang='lat' dir='ltr'><strong>Ad</strong></span> <span class='ocrx_word' id='word_1_117' title='bbox 1622 1183 1949 1269; x_wconf 85' lang='lat' dir='ltr'><strong>interpretationem</strong></span> <span class='ocrx_word' id='word_1_118' title='bbox 1966 1179 2235 1280; x_wconf 62' lang='lat' dir='ltr'><strong>arnaginensem</strong></span> <span class='ocrx_word' id='word_1_119' title='bbox 2276 1247 2277 1278; x_wconf 65' lang='lat'><strong>,</strong></span> 
     </span>
     <span class='ocr_line' id='line_1_10' title="bbox 263 1275 2237 1376; baseline 0.003 -26"><span class='ocrx_word' id='word_1_120' title='bbox 263 1283 369 1355; x_wconf 89' lang='lat' dir='ltr'><strong>simol</strong></span> <span class='ocrx_word' id='word_1_121' title='bbox 390 1305 455 1356; x_wconf 90' lang='lat' dir='ltr'><strong>nos</strong></span> <span class='ocrx_word' id='word_1_122' title='bbox 471 1284 516 1352; x_wconf 91' lang='lat' dir='ltr'><strong>de</strong></span> <span class='ocrx_word' id='word_1_123' title='bbox 531 1279 675 1352; x_wconf 88' lang='lat' dir='ltr'><strong>Diaboli</strong></span> <span class='ocrx_word' id='word_1_124' title='bbox 693 1282 875 1354; x_wconf 87' lang='lat' dir='ltr'><strong>furoribus</strong></span> <span class='ocrx_word' id='word_1_125' title='bbox 890 1293 925 1352; x_wconf 91' lang='lat' dir='ltr'><strong>et</strong></span> <span class='ocrx_word' id='word_1_126' title='bbox 942 1283 986 1350; x_wconf 88' lang='lat' dir='ltr'><strong>de</strong></span> <span class='ocrx_word' id='word_1_127' title='bbox 1003 1283 1132 1354; x_wconf 89' lang='lat' dir='ltr'><strong>nostris</strong></span> <span class='ocrx_word' id='word_1_128' title='bbox 1152 1282 1258 1352; x_wconf 89' lang='lat' dir='ltr'><strong>mise-</strong></span> <span class='ocrx_word' id='word_1_129' title='bbox 1307 1279 1400 1352; x_wconf 87' lang='lat' dir='ltr'><strong>ditae</strong></span> <span class='ocrx_word' id='word_1_130' title='bbox 1415 1282 1563 1376; x_wconf 83' lang='lat' dir='ltr'><strong>scriptae</strong></span> <span class='ocrx_word' id='word_1_131' title='bbox 1580 1275 2049 1367; x_wconf 80' lang='lat' dir='ltr'><strong>aloacbimoComerorio,</strong></span> <span class='ocrx_word' id='word_1_132' title='bbox 2074 1285 2237 1357; x_wconf 72' lang='lat' dir='ltr'><strong>virodoctis</strong></span> 
     </span>
     <span class='ocr_line' id='line_1_11' title="bbox 131 1379 2238 1480; baseline 0.001 -27"><span class='ocrx_word' id='word_1_133' title='bbox 131 1411 136 1420; x_wconf 92' lang='lat'>·</span> <span class='ocrx_word' id='word_1_134' title='bbox 261 1383 325 1454; x_wconf 90' lang='lat' dir='ltr'><strong>riis</strong></span> <span class='ocrx_word' id='word_1_135' title='bbox 355 1383 684 1456; x_wconf 84' lang='lat' dir='ltr'><strong>commonefaciant.</strong></span> <span class='ocrx_word' id='word_1_136' title='bbox 742 1379 839 1453; x_wconf 81' lang='lat' dir='ltr'><strong>Aodi</strong></span> <span class='ocrx_word' id='word_1_137' title='bbox 864 1385 1100 1474; x_wconf 79' lang='lat' dir='ltr'><strong>spectaculum</strong></span> <span class='ocrx_word' id='word_1_138' title='bbox 1123 1405 1258 1468; x_wconf 91' lang='lat' dir='ltr'><strong>recens,</strong></span> <span class='ocrx_word' id='word_1_139' title='bbox 1306 1381 1414 1468; x_wconf 90' lang='lat' dir='ltr'><strong>simo,</strong></span> <span class='ocrx_word' id='word_1_140' title='bbox 1439 1407 1545 1476; x_wconf 89' lang='lat' dir='ltr'><strong>quarn</strong></span> <span class='ocrx_word' id='word_1_141' title='bbox 1562 1385 1640 1454; x_wconf 86' lang='lat' dir='ltr'><strong>vult</strong></span> <span class='ocrx_word' id='word_1_142' title='bbox 1655 1381 1832 1456; x_wconf 88' lang='lat' dir='ltr'><strong>Dominus</strong></span> <span class='ocrx_word' id='word_1_143' title='bbox 1853 1383 2062 1480; x_wconf 85' lang='lat' dir='ltr'><strong>Praeceptor</strong></span> <span class='ocrx_word' id='word_1_144' title='bbox 2081 1387 2238 1458; x_wconf 85' lang='lat' dir='ltr'><strong>inmanibus</strong></span> 
     </span>
     <span class='ocr_line' id='line_1_12' title="bbox 262 1479 2239 1580; baseline 0.002 -26"><span class='ocrx_word' id='word_1_145' title='bbox 262 1486 396 1576; x_wconf 91' lang='lat' dir='ltr'><strong>inquo</strong></span> <span class='ocrx_word' id='word_1_146' title='bbox 418 1485 625 1554; x_wconf 88' lang='lat' dir='ltr'><strong>manifestus</strong></span> <span class='ocrx_word' id='word_1_147' title='bbox 648 1481 792 1554; x_wconf 89' lang='lat' dir='ltr'><strong>Diaboli</strong></span> <span class='ocrx_word' id='word_1_148' title='bbox 815 1485 916 1556; x_wconf 88' lang='lat' dir='ltr'><strong>furor</strong></span> <span class='ocrx_word' id='word_1_149' title='bbox 936 1485 1164 1576; x_wconf 84' lang='lat' dir='ltr'><strong>conspicitur.</strong></span> <span class='ocrx_word' id='word_1_150' title='bbox 1215 1481 1257 1554; x_wconf 94' lang='lat' dir='ltr'><strong>ln</strong></span> <span class='ocrx_word' id='word_1_151' title='bbox 1307 1483 1518 1555; x_wconf 90' lang='lat' dir='ltr'><strong>discentium</strong></span> <span class='ocrx_word' id='word_1_152' title='bbox 1540 1507 1632 1570; x_wconf 90' lang='lat' dir='ltr'><strong>csse,</strong></span> <span class='ocrx_word' id='word_1_153' title='bbox 1664 1484 1842 1556; x_wconf 89' lang='lat' dir='ltr'><strong>conferam</strong></span> <span class='ocrx_word' id='word_1_154' title='bbox 1871 1479 1998 1558; x_wconf 90' lang='lat' dir='ltr'><strong>horam</strong></span> <span class='ocrx_word' id='word_1_155' title='bbox 2031 1489 2186 1580; x_wconf 82' lang='lat' dir='ltr'><strong>septimam</strong></span> <span class='ocrx_word' id='word_1_156' title='bbox 2206 1489 2239 1556; x_wconf 89' lang='lat' dir='ltr'><strong>die</strong></span> 
     </span>
     <span class='ocr_line' id='line_1_13' title="bbox 263 1573 2238 1682; baseline 0.002 -26"><span class='ocrx_word' id='word_1_157' title='bbox 263 1587 395 1678; x_wconf 89' lang='lat' dir='ltr'><strong>oppido</strong></span> <span class='ocrx_word' id='word_1_158' title='bbox 415 1586 534 1654; x_wconf 87' lang='lat' dir='ltr'><strong>vicino</strong></span> <span class='ocrx_word' id='word_1_159' title='bbox 557 1573 749 1680; x_wconf 81' lang='lat' dir='ltr'><strong>Cygneoe,</strong></span> <span class='ocrx_word' id='word_1_160' title='bbox 784 1585 882 1656; x_wconf 90' lang='lat' dir='ltr'><strong>cuius</strong></span> <span class='ocrx_word' id='word_1_161' title='bbox 904 1609 1034 1656; x_wconf 84' lang='lat' dir='ltr'><strong>nomen</strong></span> <span class='ocrx_word' id='word_1_162' title='bbox 1058 1585 1257 1658; x_wconf 88' lang='lat' dir='ltr'><strong>adscribere</strong></span> <span class='ocrx_word' id='word_1_163' title='bbox 1307 1581 1465 1659; x_wconf 90' lang='lat' dir='ltr'><strong>Sabbati.</strong></span> <span class='ocrx_word' id='word_1_164' title='bbox 1516 1581 1728 1656; x_wconf 88' lang='lat' dir='ltr'><strong>Orationem</strong></span> <span class='ocrx_word' id='word_1_165' title='bbox 1747 1611 1831 1658; x_wconf 89' lang='lat' dir='ltr'><strong>vero</strong></span> <span class='ocrx_word' id='word_1_166' title='bbox 1852 1612 1917 1680; x_wconf 89' lang='lat' dir='ltr'><strong>pro</strong></span> <span class='ocrx_word' id='word_1_167' title='bbox 1933 1587 1971 1662; x_wconf 87' lang='lat' dir='ltr'><strong>P.</strong></span> <span class='ocrx_word' id='word_1_168' title='bbox 1986 1588 2127 1679; x_wconf 88' lang='lat' dir='ltr'><strong>Quintio</strong></span> <span class='ocrx_word' id='word_1_169' title='bbox 2145 1611 2238 1682; x_wconf 77' lang='lat' dir='ltr'><strong>pergen</strong></span> 
     </span>
     <span class='ocr_line' id='line_1_14' title="bbox 263 1682 2240 1780; baseline -0.001 -22"><span class='ocrx_word' id='word_1_170' title='bbox 263 1687 367 1771; x_wconf 89' lang='lat' dir='ltr'><strong>nolo,</strong></span> <span class='ocrx_word' id='word_1_171' title='bbox 392 1709 482 1778; x_wconf 88' lang='lat' dir='ltr'><strong>puer</strong></span> <span class='ocrx_word' id='word_1_172' title='bbox 495 1687 735 1780; x_wconf 89' lang='lat' dir='ltr'><strong>quinquennis</strong></span> <span class='ocrx_word' id='word_1_173' title='bbox 749 1709 831 1756; x_wconf 91' lang='lat' dir='ltr'><strong>casu</strong></span> <span class='ocrx_word' id='word_1_174' title='bbox 847 1688 984 1778; x_wconf 91' lang='lat' dir='ltr'><strong>lapsus,</strong></span> <span class='ocrx_word' id='word_1_175' title='bbox 1007 1688 1113 1764; x_wconf 89' lang='lat' dir='ltr'><strong>irruit</strong></span> <span class='ocrx_word' id='word_1_176' title='bbox 1128 1688 1167 1758; x_wconf 90' lang='lat' dir='ltr'><strong>in</strong></span> <span class='ocrx_word' id='word_1_177' title='bbox 1181 1687 1257 1758; x_wconf 91' lang='lat' dir='ltr'><strong>cul·</strong></span> <span class='ocrx_word' id='word_1_178' title='bbox 1307 1683 1479 1778; x_wconf 80' lang='lat' dir='ltr'><strong>explicare</strong></span> <span class='ocrx_word' id='word_1_179' title='bbox 1497 1682 1585 1757; x_wconf 87' lang='lat' dir='ltr'><strong>hora</strong></span> <span class='ocrx_word' id='word_1_180' title='bbox 1602 1701 1725 1780; x_wconf 91' lang='lat' dir='ltr'><strong>quarta</strong></span> <span class='ocrx_word' id='word_1_181' title='bbox 1746 1702 1826 1780; x_wconf 92' lang='lat' dir='ltr'><strong>post</strong></span> <span class='ocrx_word' id='word_1_182' title='bbox 1844 1691 2049 1776; x_wconf 87' lang='lat' dir='ltr'><strong>meridiem,</strong></span> <span class='ocrx_word' id='word_1_183' title='bbox 2071 1703 2108 1761; x_wconf 92' lang='lat' dir='ltr'><strong>nt</strong></span> <span class='ocrx_word' id='word_1_184' title='bbox 2124 1685 2240 1761; x_wconf 85' lang='lat' dir='ltr'><strong>bactenu</strong></span> 
     </span>
     <span class='ocr_line' id='line_1_15' title="bbox 264 1785 2241 1885; baseline 0 -25"><span class='ocrx_word' id='word_1_185' title='bbox 264 1802 377 1873; x_wconf 91' lang='lat' dir='ltr'><strong>trum,</strong></span> <span class='ocrx_word' id='word_1_186' title='bbox 410 1811 517 1881; x_wconf 89' lang='lat' dir='ltr'><strong>quem</strong></span> <span class='ocrx_word' id='word_1_187' title='bbox 538 1789 799 1874; x_wconf 89' lang='lat' dir='ltr'><strong>manutenuit,</strong></span> <span class='ocrx_word' id='word_1_188' title='bbox 833 1813 945 1881; x_wconf 91' lang='lat' dir='ltr'><strong>eoque</strong></span> <span class='ocrx_word' id='word_1_189' title='bbox 966 1791 1113 1863; x_wconf 89' lang='lat' dir='ltr'><strong>vulnere</strong></span> <span class='ocrx_word' id='word_1_190' title='bbox 1137 1789 1256 1860; x_wconf 89' lang='lat' dir='ltr'><strong>statim</strong></span> <span class='ocrx_word' id='word_1_191' title='bbox 1307 1785 1391 1872; x_wconf 91' lang='lat' dir='ltr'><strong>feci,</strong></span> <span class='ocrx_word' id='word_1_192' title='bbox 1424 1801 1597 1880; x_wconf 89' lang='lat' dir='ltr'><strong>qnantum</strong></span> <span class='ocrx_word' id='word_1_193' title='bbox 1627 1789 1775 1858; x_wconf 90' lang='lat' dir='ltr'><strong>omnino</strong></span> <span class='ocrx_word' id='word_1_194' title='bbox 1807 1813 1871 1882; x_wconf 89' lang='lat' dir='ltr'><strong>per</strong></span> <span class='ocrx_word' id='word_1_195' title='bbox 1898 1791 2137 1885; x_wconf 84' lang='lat' dir='ltr'><strong>occupationes</strong></span> <span class='ocrx_word' id='word_1_196' title='bbox 2155 1791 2241 1874; x_wconf 80' lang='lat' dir='ltr'><strong>licebit</strong></span> 
     </span>
     <span class='ocr_line' id='line_1_16' title="bbox 263 1887 2241 1984; baseline 0.002 -26"><span class='ocrx_word' id='word_1_197' title='bbox 263 1891 435 1962; x_wconf 82' lang='lat' dir='ltr'><strong>extinctus</strong></span> <span class='ocrx_word' id='word_1_198' title='bbox 455 1903 517 1964; x_wconf 83' lang='lat' dir='ltr'><strong>est.</strong></span> <span class='ocrx_word' id='word_1_199' title='bbox 567 1887 673 1962; x_wconf 87' lang='lat' dir='ltr'><strong>Peter</strong></span> <span class='ocrx_word' id='word_1_200' title='bbox 689 1913 770 1960; x_wconf 90' lang='lat' dir='ltr'><strong>cum</strong></span> <span class='ocrx_word' id='word_1_201' title='bbox 791 1890 1055 1976; x_wconf 87' lang='lat' dir='ltr'><strong>intervenisset,</strong></span> <span class='ocrx_word' id='word_1_202' title='bbox 1080 1890 1256 1976; x_wconf 87' lang='lat' dir='ltr'><strong>maguitu-</strong></span> <span class='ocrx_word' id='word_1_203' title='bbox 1308 1889 1448 1982; x_wconf 88' lang='lat' dir='ltr'><strong>quaesi</strong></span> <span class='ocrx_word' id='word_1_204' title='bbox 1470 1891 1632 1982; x_wconf 88' lang='lat' dir='ltr'><strong>qnando,</strong></span> <span class='ocrx_word' id='word_1_205' title='bbox 1663 1903 1705 1960; x_wconf 91' lang='lat' dir='ltr'><strong>ut</strong></span> <span class='ocrx_word' id='word_1_206' title='bbox 1724 1890 1911 1984; x_wconf 87' lang='lat' dir='ltr'><strong>aliquoties</strong></span> <span class='ocrx_word' id='word_1_207' title='bbox 1934 1893 2006 1963; x_wconf 90' lang='lat' dir='ltr'><strong>iam</strong></span> <span class='ocrx_word' id='word_1_208' title='bbox 2035 1891 2164 1978; x_wconf 84' lang='lat' dir='ltr'><strong>accidit,</strong></span> <span class='ocrx_word' id='word_1_209' title='bbox 2187 1887 2241 1959; x_wconf 84' lang='lat' dir='ltr'><strong>nili</strong></span> 
     </span>
     <span class='ocr_line' id='line_1_17' title="bbox 264 1989 2241 2088; baseline -0.003 -27"><span class='ocrx_word' id='word_1_210' title='bbox 264 1992 384 2061; x_wconf 91' lang='lat' dir='ltr'><strong>dinem</strong></span> <span class='ocrx_word' id='word_1_211' title='bbox 402 1991 536 2061; x_wconf 89' lang='lat' dir='ltr'><strong>doloris</strong></span> <span class='ocrx_word' id='word_1_212' title='bbox 553 1991 678 2061; x_wconf 85' lang='lat' dir='ltr'><strong>effudit</strong></span> <span class='ocrx_word' id='word_1_213' title='bbox 702 1992 740 2059; x_wconf 91' lang='lat' dir='ltr'><strong>in</strong></span> <span class='ocrx_word' id='word_1_214' title='bbox 763 2016 928 2077; x_wconf 85' lang='lat' dir='ltr'><strong>uxorem,</strong></span> <span class='ocrx_word' id='word_1_215' title='bbox 952 2015 1057 2083; x_wconf 90' lang='lat' dir='ltr'><strong>quam</strong></span> <span class='ocrx_word' id='word_1_216' title='bbox 1081 1992 1191 2060; x_wconf 86' lang='lat' dir='ltr'><strong>iratus</strong></span> <span class='ocrx_word' id='word_1_217' title='bbox 1208 1990 1255 2058; x_wconf 91' lang='lat' dir='ltr'><strong>ita</strong></span> <span class='ocrx_word' id='word_1_218' title='bbox 1308 1989 1421 2059; x_wconf 84' lang='lat' dir='ltr'><strong>invito</strong></span> <span class='ocrx_word' id='word_1_219' title='bbox 1447 1989 1633 2060; x_wconf 88' lang='lat' dir='ltr'><strong>lectionem</strong></span> <span class='ocrx_word' id='word_1_220' title='bbox 1654 1993 1934 2084; x_wconf 90' lang='lat' dir='ltr'><strong>pomeridianam</strong></span> <span class='ocrx_word' id='word_1_221' title='bbox 1956 1995 2161 2088; x_wconf 88' lang='lat' dir='ltr'><strong>eripuerint,</strong></span> <span class='ocrx_word' id='word_1_222' title='bbox 2184 1993 2241 2084; x_wconf 85' lang='lat' dir='ltr'><strong>quot</strong></span> 
     </span>
     <span class='ocr_line' id='line_1_18' title="bbox 263 2092 2243 2186; baseline -0.002 -25"><span class='ocrx_word' id='word_1_223' title='bbox 263 2094 444 2176; x_wconf 89' lang='lat' dir='ltr'><strong>verberat,</strong></span> <span class='ocrx_word' id='word_1_224' title='bbox 473 2106 515 2162; x_wconf 94' lang='grc' dir='ltr'><strong>ιιι</strong></span> <span class='ocrx_word' id='word_1_225' title='bbox 536 2093 611 2184; x_wconf 89' lang='lat' dir='ltr'><strong>ipsa</strong></span> <span class='ocrx_word' id='word_1_226' title='bbox 630 2115 772 2186; x_wconf 86' lang='lat' dir='ltr'><strong>quoque</strong></span> <span class='ocrx_word' id='word_1_227' title='bbox 792 2093 909 2162; x_wconf 88' lang='lat' dir='ltr'><strong>statim</strong></span> <span class='ocrx_word' id='word_1_228' title='bbox 935 2106 1094 2176; x_wconf 79' lang='lat' dir='ltr'><strong>mortua,</strong></span> <span class='ocrx_word' id='word_1_229' title='bbox 1121 2092 1257 2176; x_wconf 89' lang='lat' dir='ltr'><strong>dolore,</strong></span> <span class='ocrx_word' id='word_1_230' title='bbox 1308 2105 1426 2162; x_wconf 93' lang='lat' dir='ltr'><strong>tamen</strong></span> <span class='ocrx_word' id='word_1_231' title='bbox 1452 2115 1498 2158; x_wconf 92' lang='lat' dir='ltr'><strong>ne</strong></span> <span class='ocrx_word' id='word_1_232' title='bbox 1523 2113 1626 2182; x_wconf 88' lang='lat' dir='ltr'><strong>saepe</strong></span> <span class='ocrx_word' id='word_1_233' title='bbox 1656 2093 1794 2164; x_wconf 89' lang='lat' dir='ltr'><strong>eveniat</strong></span> <span class='ocrx_word' id='word_1_234' title='bbox 1825 2117 1964 2166; x_wconf 89' lang='lat' dir='ltr'><strong>summo</strong></span> <span class='ocrx_word' id='word_1_235' title='bbox 1997 2109 2121 2166; x_wconf 90' lang='lat' dir='ltr'><strong>conatu</strong></span> <span class='ocrx_word' id='word_1_236' title='bbox 2150 2093 2243 2170; x_wconf 70' lang='lat' dir='ltr'><strong>ear-elo,</strong></span> 
     </span>
     <span class='ocr_line' id='line_1_19' title="bbox 262 2193 2243 2286; baseline -0.003 -21"><span class='ocrx_word' id='word_1_237' title='bbox 262 2209 303 2265; x_wconf 92' lang='lat' dir='ltr'><strong>ut</strong></span> <span class='ocrx_word' id='word_1_238' title='bbox 316 2195 522 2278; x_wconf 89' lang='lat' dir='ltr'><strong>ratiocinor‚</strong></span> <span class='ocrx_word' id='word_1_239' title='bbox 548 2206 693 2285; x_wconf 89' lang='lat' dir='ltr'><strong>propter</strong></span> <span class='ocrx_word' id='word_1_240' title='bbox 708 2193 820 2262; x_wconf 89' lang='lat' dir='ltr'><strong>lilium</strong></span> <span class='ocrx_word' id='word_1_241' title='bbox 839 2194 965 2283; x_wconf 88' lang='lat' dir='ltr'><strong>magis,</strong></span> <span class='ocrx_word' id='word_1_242' title='bbox 990 2219 1095 2286; x_wconf 90' lang='lat' dir='ltr'><strong>quam</strong></span> <span class='ocrx_word' id='word_1_243' title='bbox 1112 2205 1257 2285; x_wconf 91' lang='lat' dir='ltr'><strong>propter</strong></span> <span class='ocrx_word' id='word_1_244' title='bbox 1308 2213 1392 2280; x_wconf 90' lang='lat' dir='ltr'><strong>rogo</strong></span> <span class='ocrx_word' id='word_1_245' title='bbox 1415 2193 1592 2262; x_wconf 89' lang='lat' dir='ltr'><strong>auditores</strong></span> <span class='ocrx_word' id='word_1_246' title='bbox 1618 2217 1733 2278; x_wconf 90' lang='lat' dir='ltr'><strong>meos,</strong></span> <span class='ocrx_word' id='word_1_247' title='bbox 1766 2217 1812 2262; x_wconf 89' lang='lat' dir='ltr'><strong>nc</strong></span> <span class='ocrx_word' id='word_1_248' title='bbox 1832 2219 1889 2265; x_wconf 90' lang='lat' dir='ltr'><strong>me</strong></span> <span class='ocrx_word' id='word_1_249' title='bbox 1918 2199 2038 2268; x_wconf 85' lang='lat' dir='ltr'><strong>studio</strong></span> <span class='ocrx_word' id='word_1_250' title='bbox 2061 2195 2243 2282; x_wconf 73' lang='lat' dir='ltr'><strong>subterfugere</strong></span> 
     </span>
     <span class='ocr_line' id='line_1_20' title="bbox 263 2291 2243 2390; baseline 0 -26"><span class='ocrx_word' id='word_1_251' title='bbox 263 2295 393 2390; x_wconf 80' lang='lat' dir='ltr'><strong>plagas.</strong></span> <span class='ocrx_word' id='word_1_252' title='bbox 444 2291 532 2365; x_wconf 91' lang='lat' dir='ltr'><strong>Abit</strong></span> <span class='ocrx_word' id='word_1_253' title='bbox 553 2295 662 2384; x_wconf 89' lang='lat' dir='ltr'><strong>igitur</strong></span> <span class='ocrx_word' id='word_1_254' title='bbox 677 2295 794 2364; x_wconf 90' lang='lat' dir='ltr'><strong>statim</strong></span> <span class='ocrx_word' id='word_1_255' title='bbox 811 2295 959 2364; x_wconf 91' lang='lat' dir='ltr'><strong>maritus</strong></span> <span class='ocrx_word' id='word_1_256' title='bbox 981 2310 1016 2366; x_wconf 91' lang='lat' dir='ltr'><strong>et</strong></span> <span class='ocrx_word' id='word_1_257' title='bbox 1039 2295 1165 2389; x_wconf 89' lang='lat' dir='ltr'><strong>laqueo</strong></span> <span class='ocrx_word' id='word_1_258' title='bbox 1187 2293 1255 2364; x_wconf 87' lang='lat' dir='ltr'><strong>sibi</strong></span> <span class='ocrx_word' id='word_1_259' title='bbox 1307 2293 1447 2382; x_wconf 89' lang='lat' dir='ltr'><strong>legendi</strong></span> <span class='ocrx_word' id='word_1_260' title='bbox 1468 2294 1626 2363; x_wconf 91' lang='lat' dir='ltr'><strong>laborem</strong></span> <span class='ocrx_word' id='word_1_261' title='bbox 1643 2295 1858 2377; x_wconf 83' lang='lat' dir='ltr'><strong>existiment,</strong></span> <span class='ocrx_word' id='word_1_262' title='bbox 1885 2301 1944 2368; x_wconf 90' lang='lat' dir='ltr'><strong>sed</strong></span> <span class='ocrx_word' id='word_1_263' title='bbox 1967 2301 2182 2390; x_wconf 83' lang='lat' dir='ltr'><strong>persuadeant</strong></span> <span class='ocrx_word' id='word_1_264' title='bbox 2198 2293 2243 2368; x_wconf 77' lang='lat' dir='ltr'><strong>sibi.</strong></span> 
     </span>
     <span class='ocr_line' id='line_1_21' title="bbox 263 2391 2243 2496; baseline 0 -30"><span class='ocrx_word' id='word_1_265' title='bbox 263 2409 413 2466; x_wconf 88' lang='lat' dir='ltr'><strong>mortem</strong></span> <span class='ocrx_word' id='word_1_266' title='bbox 430 2397 621 2468; x_wconf 86' lang='lat' dir='ltr'><strong>consciscit.</strong></span> <span class='ocrx_word' id='word_1_267' title='bbox 665 2394 767 2465; x_wconf 92' lang='lat' dir='ltr'><strong>Hanc</strong></span> <span class='ocrx_word' id='word_1_268' title='bbox 783 2391 1000 2466; x_wconf 89' lang='lat' dir='ltr'><strong>horrendam</strong></span> <span class='ocrx_word' id='word_1_269' title='bbox 1014 2395 1254 2466; x_wconf 88' lang='lat' dir='ltr'><strong>narrationem</strong></span> <span class='ocrx_word' id='word_1_270' title='bbox 1306 2419 1363 2463; x_wconf 91' lang='lat' dir='ltr'><strong>me</strong></span> <span class='ocrx_word' id='word_1_271' title='bbox 1378 2395 1732 2488; x_wconf 89' lang='lat' dir='ltr'><strong>impedirieiusmodi</strong></span> <span class='ocrx_word' id='word_1_272' title='bbox 1747 2398 1897 2486; x_wconf 85' lang='lat' dir='ltr'><strong>negotiis</strong></span> <span class='ocrx_word' id='word_1_273' title='bbox 1910 2401 2021 2472; x_wconf 85' lang='lat' dir='ltr'><strong>officii</strong></span> <span class='ocrx_word' id='word_1_274' title='bbox 2034 2399 2243 2496; x_wconf 53' lang='lat' dir='ltr'><strong>publicaque</strong></span> 
     </span>
     <span class='ocr_line' id='line_1_22' title="bbox 264 2497 1881 2589; baseline 0 -21"><span class='ocrx_word' id='word_1_275' title='bbox 264 2498 433 2588; x_wconf 88' lang='lat' dir='ltr'><strong>adscripsi</strong></span> <span class='ocrx_word' id='word_1_276' title='bbox 454 2512 492 2566; x_wconf 89' lang='lat' dir='ltr'><strong>ut</strong></span> <span class='ocrx_word' id='word_1_277' title='bbox 509 2499 586 2568; x_wconf 88' lang='lat' dir='ltr'><strong>aliis</strong></span> <span class='ocrx_word' id='word_1_278' title='bbox 599 2497 741 2581; x_wconf 84' lang='lat' dir='ltr'><strong>recites,</strong></span> <span class='ocrx_word' id='word_1_279' title='bbox 764 2511 804 2568; x_wconf 92' lang='lat' dir='ltr'><strong>ut</strong></span> <span class='ocrx_word' id='word_1_280' title='bbox 821 2521 887 2570; x_wconf 90' lang='lat' dir='ltr'><strong>nos</strong></span> <span class='ocrx_word' id='word_1_281' title='bbox 904 2522 1026 2568; x_wconf 88' lang='lat' dir='ltr'><strong>omnes</strong></span> <span class='ocrx_word' id='word_1_282' title='bbox 1042 2502 1086 2568; x_wconf 93' lang='lat' dir='ltr'><strong>ad</strong></span> <span class='ocrx_word' id='word_1_283' title='bbox 1111 2497 1255 2568; x_wconf 82' lang='lat' dir='ltr'><strong>invoca·</strong></span> <span class='ocrx_word' id='word_1_284' title='bbox 1307 2497 1514 2568; x_wconf 92' lang='lat' dir='ltr'><strong>dilationem</strong></span> <span class='ocrx_word' id='word_1_285' title='bbox 1533 2498 1667 2566; x_wconf 90' lang='lat' dir='ltr'><strong>nullam</strong></span> <span class='ocrx_word' id='word_1_286' title='bbox 1686 2498 1881 2589; x_wconf 90' lang='lat' dir='ltr'><strong>patiuntur.</strong></span> 
     </span>
     <span class='ocr_line' id='line_1_23' title="bbox 262 2597 1610 2690; baseline -0.004 -19"><span class='ocrx_word' id='word_1_287' title='bbox 262 2599 396 2671; x_wconf 90' lang='lat' dir='ltr'><strong>tionem</strong></span> <span class='ocrx_word' id='word_1_288' title='bbox 412 2598 497 2669; x_wconf 87' lang='lat' dir='ltr'><strong>Filii</strong></span> <span class='ocrx_word' id='word_1_289' title='bbox 512 2597 578 2669; x_wconf 91' lang='lat' dir='ltr'><strong>Dei</strong></span> <span class='ocrx_word' id='word_1_290' title='bbox 592 2599 841 2684; x_wconf 80' lang='lat' dir='ltr'><strong>exuscitemns,</strong></span> <span class='ocrx_word' id='word_1_291' title='bbox 865 2613 906 2670; x_wconf 92' lang='grc' dir='ltr'><strong>ιιι</strong></span> <span class='ocrx_word' id='word_1_292' title='bbox 918 2601 1093 2670; x_wconf 90' lang='lat' dir='ltr'><strong>furentem</strong></span> <span class='ocrx_word' id='word_1_293' title='bbox 1111 2613 1144 2668; x_wconf 92' lang='lat' dir='ltr'><strong>et</strong></span> <span class='ocrx_word' id='word_1_294' title='bbox 1159 2621 1255 2688; x_wconf 89' lang='lat' dir='ltr'><strong>gras-</strong></span> <span class='ocrx_word' id='word_1_295' title='bbox 1607 2683 1610 2690; x_wconf 90' lang='lat'><strong>.</strong></span> 
     </span>
     <span class='ocr_line' id='line_1_24' title="bbox 263 2695 2278 2792; baseline -0.002 -22"><span class='ocrx_word' id='word_1_296' title='bbox 263 2715 400 2772; x_wconf 91' lang='lat' dir='ltr'><strong>santem</strong></span> <span class='ocrx_word' id='word_1_297' title='bbox 414 2699 757 2770; x_wconf 88' lang='lat' dir='ltr'><strong>Diabolomanobis</strong></span> <span class='ocrx_word' id='word_1_298' title='bbox 776 2703 940 2792; x_wconf 85' lang='lat' dir='ltr'><strong>depellat.</strong></span> <span class='ocrx_word' id='word_1_299' title='bbox 999 2697 1156 2772; x_wconf 90' lang='lat' dir='ltr'><strong>Salutem</strong></span> <span class='ocrx_word' id='word_1_300' title='bbox 1172 2713 1254 2790; x_wconf 91' lang='lat' dir='ltr'><strong>opto</strong></span> <span class='ocrx_word' id='word_1_301' title='bbox 1394 2695 1465 2768; x_wconf 88' lang='lat' dir='ltr'><strong>Vos</strong></span> <span class='ocrx_word' id='word_1_302' title='bbox 1481 2713 1596 2770; x_wconf 91' lang='lat' dir='ltr'><strong>autem</strong></span> <span class='ocrx_word' id='word_1_303' title='bbox 1613 2701 1790 2770; x_wconf 88' lang='lat' dir='ltr'><strong>auditores</strong></span> <span class='ocrx_word' id='word_1_304' title='bbox 1805 2695 2010 2788; x_wconf 89' lang='lat' dir='ltr'><strong>hortamur,</strong></span> <span class='ocrx_word' id='word_1_305' title='bbox 2029 2717 2069 2774; x_wconf 92' lang='grc' dir='ltr'><strong>ιιι</strong></span> <span class='ocrx_word' id='word_1_306' title='bbox 2083 2697 2278 2772; x_wconf 73' lang='grc' dir='ltr'><strong>ιιοιιοιιιιιι</strong></span> 
     </span>
     <span class='ocr_line' id='line_1_25' title="bbox 263 2795 2278 2898; baseline -0.003 -24"><span class='ocrx_word' id='word_1_307' title='bbox 263 2799 474 2874; x_wconf 87' lang='lat' dir='ltr'><strong>Reverendo</strong></span> <span class='ocrx_word' id='word_1_308' title='bbox 499 2801 543 2872; x_wconf 91' lang='lat' dir='ltr'><strong>D.</strong></span> <span class='ocrx_word' id='word_1_309' title='bbox 566 2795 721 2870; x_wconf 84' lang='lat' dir='ltr'><strong>Pastori</strong></span> <span class='ocrx_word' id='word_1_310' title='bbox 741 2815 775 2874; x_wconf 87' lang='lat' dir='ltr'><strong>et</strong></span> <span class='ocrx_word' id='word_1_311' title='bbox 797 2803 899 2872; x_wconf 89' lang='lat' dir='ltr'><strong>vobis</strong></span> <span class='ocrx_word' id='word_1_312' title='bbox 922 2802 1101 2876; x_wconf 90' lang='lat' dir='ltr'><strong>omnibus.</strong></span> <span class='ocrx_word' id='word_1_313' title='bbox 1159 2799 1256 2870; x_wconf 89' lang='lat' dir='ltr'><strong>Bene</strong></span> <span class='ocrx_word' id='word_1_314' title='bbox 1306 2801 1462 2884; x_wconf 90' lang='lat' dir='ltr'><strong>labores,</strong></span> <span class='ocrx_word' id='word_1_315' title='bbox 1488 2823 1577 2894; x_wconf 92' lang='lat' dir='ltr'><strong>qnos</strong></span> <span class='ocrx_word' id='word_1_316' title='bbox 1597 2803 1766 2871; x_wconf 89' lang='lat' dir='ltr'><strong>mediocri</strong></span> <span class='ocrx_word' id='word_1_317' title='bbox 1787 2803 1990 2873; x_wconf 87' lang='lat' dir='ltr'><strong>assiduitate</strong></span> <span class='ocrx_word' id='word_1_318' title='bbox 2011 2806 2050 2873; x_wconf 93' lang='lat' dir='ltr'><strong>in</strong></span> <span class='ocrx_word' id='word_1_319' title='bbox 2072 2797 2245 2895; x_wconf 77' lang='lat' dir='ltr'><strong>explicatione</strong></span> <span class='ocrx_word' id='word_1_320' title='bbox 2277 2859 2278 2898; x_wconf 29' lang='lat' dir='ltr'>i</span> 
     </span>
     <span class='ocr_line' id='line_1_26' title="bbox 263 2901 2278 2990; baseline -0 -16"><span class='ocrx_word' id='word_1_321' title='bbox 263 2904 352 2978; x_wconf 83' lang='lat' dir='ltr'><strong>vale.</strong></span> <span class='ocrx_word' id='word_1_322' title='bbox 401 2901 469 2974; x_wconf 93' lang='lat' dir='ltr'><strong>Die</strong></span> <span class='ocrx_word' id='word_1_323' title='bbox 488 2907 547 2977; x_wconf 89' lang='grc'><strong>16.</strong></span> <span class='ocrx_word' id='word_1_324' title='bbox 567 2902 734 2976; x_wconf 87' lang='lat' dir='ltr'><strong>Ianuarii.</strong></span> <span class='ocrx_word' id='word_1_325' title='bbox 1307 2901 1450 2971; x_wconf 88' lang='lat' dir='ltr'><strong>utilium</strong></span> <span class='ocrx_word' id='word_1_326' title='bbox 1477 2903 1607 2972; x_wconf 89' lang='lat' dir='ltr'><strong>artium</strong></span> <span class='ocrx_word' id='word_1_327' title='bbox 1637 2905 1868 2990; x_wconf 89' lang='lat' dir='ltr'><strong>sustinemus,</strong></span> <span class='ocrx_word' id='word_1_328' title='bbox 1899 2905 1987 2974; x_wconf 92' lang='lat' dir='ltr'><strong>boni</strong></span> <span class='ocrx_word' id='word_1_329' title='bbox 2013 2903 2204 2980; x_wconf 87' lang='lat' dir='ltr'><strong>consolatis,</strong></span> <span class='ocrx_word' id='word_1_330' title='bbox 2224 2907 2246 2972; x_wconf 80' lang='grc' dir='ltr'><strong>ιι</strong></span> <span class='ocrx_word' id='word_1_331' title='bbox 2276 2903 2278 2982; x_wconf 80' lang='lat' dir='ltr'><strong>l</strong></span> 
     </span>
     <span class='ocr_line' id='line_1_27' title="bbox 1306 2985 2278 3094; baseline -0.008 -26"><span class='ocrx_word' id='word_1_332' title='bbox 1306 3003 1336 3070; x_wconf 92' lang='lat' dir='ltr'><strong>si</strong></span> <span class='ocrx_word' id='word_1_333' title='bbox 1351 3015 1483 3072; x_wconf 88' lang='lat' dir='ltr'><strong>vestrae</strong></span> <span class='ocrx_word' id='word_1_334' title='bbox 1498 3005 1730 3094; x_wconf 82' lang='lat' dir='ltr'><strong>expectationi</strong></span> <span class='ocrx_word' id='word_1_335' title='bbox 1744 3029 1816 3074; x_wconf 93' lang='lat' dir='ltr'><strong>non</strong></span> <span class='ocrx_word' id='word_1_336' title='bbox 1832 3005 2058 3093; x_wconf 79' lang='lat' dir='ltr'><strong>satisfacient,</strong></span> <span class='ocrx_word' id='word_1_337' title='bbox 2076 2998 2248 3076; x_wconf 85' lang='lat' dir='ltr'><strong>moveamini,</strong></span> <span class='ocrx_word' id='word_1_338' title='bbox 2276 2985 2278 3048; x_wconf 80' lang='lat' dir='ltr'><strong>l</strong></span> 
     </span>
     <span class='ocr_line' id='line_1_28' title="bbox 1306 3101 2247 3199; baseline -0.005 -27"><span class='ocrx_word' id='word_1_339' title='bbox 1306 3117 1341 3173; x_wconf 91' lang='lat' dir='ltr'><strong>et</strong></span> <span class='ocrx_word' id='word_1_340' title='bbox 1357 3105 1539 3175; x_wconf 88' lang='lat' dir='ltr'><strong>ardentius</strong></span> <span class='ocrx_word' id='word_1_341' title='bbox 1551 3107 1743 3196; x_wconf 88' lang='lat' dir='ltr'><strong>precemini</strong></span> <span class='ocrx_word' id='word_1_342' title='bbox 1757 3103 1885 3192; x_wconf 91' lang='lat' dir='ltr'><strong>Deum,</strong></span> <span class='ocrx_word' id='word_1_343' title='bbox 1909 3121 1950 3178; x_wconf 91' lang='lat' dir='ltr'><strong>ut</strong></span> <span class='ocrx_word' id='word_1_344' title='bbox 1965 3108 2005 3176; x_wconf 91' lang='lat' dir='ltr'><strong>in</strong></span> <span class='ocrx_word' id='word_1_345' title='bbox 2020 3104 2089 3178; x_wconf 86' lang='lat' dir='ltr'><strong>boc</strong></span> <span class='ocrx_word' id='word_1_346' title='bbox 2103 3101 2247 3199; x_wconf 78' lang='lat' dir='ltr'><strong>periculoso</strong></span> 
     </span>
     <span class='ocr_line' id='line_1_29' title="bbox 274 3206 2248 3328; baseline 0.003 -57"><span class='ocrx_word' id='word_1_347' title='bbox 274 3249 330 3325; x_wconf 71' lang='lat' dir='ltr'><strong>No</strong></span> <span class='ocrx_word' id='word_1_348' title='bbox 361 3247 462 3322; x_wconf 63' lang='lat'><strong>⁶032</strong></span> <span class='ocrx_word' id='word_1_349' title='bbox 1106 3265 1149 3328; x_wconf 64' lang='lat'><strong>¹7</strong></span> <span class='ocrx_word' id='word_1_350' title='bbox 1176 3255 1230 3324; x_wconf 61' lang='lat' dir='ltr'><strong>Im</strong></span> <span class='ocrx_word' id='word_1_351' title='bbox 1306 3206 1433 3275; x_wconf 89' lang='lat' dir='ltr'><strong>itinere</strong></span> <span class='ocrx_word' id='word_1_352' title='bbox 1463 3209 1637 3277; x_wconf 88' lang='lat' dir='ltr'><strong>custodiat</strong></span> <span class='ocrx_word' id='word_1_353' title='bbox 1667 3211 1907 3278; x_wconf 88' lang='lat' dir='ltr'><strong>venerandum</strong></span> <span class='ocrx_word' id='word_1_354' title='bbox 1938 3223 2189 3300; x_wconf 84' lang='lat' dir='ltr'><strong>praeceptorem</strong></span> <span class='ocrx_word' id='word_1_355' title='bbox 2210 3223 2248 3267; x_wconf 66' lang='lat' dir='ltr'><strong>tt</strong></span> 
     </span>
     <span class='ocr_line' id='line_1_30' title="bbox 262 3297 2249 3468; baseline -0.002 -91"><span class='ocrx_word' id='word_1_356' title='bbox 262 3297 474 3388; x_wconf 43' lang='lat' dir='ltr'><strong>„jv-„⁰</strong></span> <span class='ocrx_word' id='word_1_357' title='bbox 1084 3301 1254 3378; x_wconf 49' lang='grc' dir='ltr'><strong>«ἐμὲ</strong></span> <span class='ocrx_word' id='word_1_358' title='bbox 1305 3320 1436 3388; x_wconf 89' lang='lat' dir='ltr'><strong>strum,</strong></span> <span class='ocrx_word' id='word_1_359' title='bbox 1469 3305 1575 3382; x_wconf 88' lang='lat' dir='ltr'><strong>Dom.</strong></span> <span class='ocrx_word' id='word_1_360' title='bbox 1599 3303 1806 3402; x_wconf 87' lang='lat' dir='ltr'><strong>Philippum</strong></span> <span class='ocrx_word' id='word_1_361' title='bbox 1837 3305 2129 3393; x_wconf 88' lang='lat' dir='ltr'><strong>Melanthonem,</strong></span> <span class='ocrx_word' id='word_1_362' title='bbox 2159 3301 2249 3468; x_wconf 57' lang='grc' dir='ltr'><strong>ιιιίΞ</strong></span> 
     </span>
     <span class='ocr_line' id='line_1_31' title="bbox 918 3405 2179 3482; baseline 0.002 -8"><span class='ocrx_word' id='word_1_363' title='bbox 918 3455 927 3474; x_wconf 93' lang='grc'><strong>.</strong></span> <span class='ocrx_word' id='word_1_364' title='bbox 1306 3433 1426 3477; x_wconf 89' lang='lat' dir='ltr'><strong>vocem</strong></span> <span class='ocrx_word' id='word_1_365' title='bbox 1475 3435 1556 3478; x_wconf 92' lang='lat' dir='ltr'><strong>uam</strong></span> <span class='ocrx_word' id='word_1_366' title='bbox 1605 3409 1733 3480; x_wconf 92' lang='lat' dir='ltr'><strong>rimum</strong></span> <span class='ocrx_word' id='word_1_367' title='bbox 1758 3405 1898 3480; x_wconf 88' lang='lat' dir='ltr'><strong>scholae</strong></span> <span class='ocrx_word' id='word_1_368' title='bbox 1915 3412 2080 3482; x_wconf 89' lang='lat' dir='ltr'><strong>restituat</strong></span> <span class='ocrx_word' id='word_1_369' title='bbox 2163 3433 2179 3476; x_wconf 93' lang='lat' dir='ltr'><strong>a</strong></span> 
     </span>
     <span class='ocr_line' id='line_1_32' title="bbox 486 3427 2250 3610; baseline 0 -34"><span class='ocrx_word' id='word_1_370' title='bbox 486 3447 666 3610; x_wconf 37' lang='lat' dir='ltr'><strong>Eiem</strong></span> <span class='ocrx_word' id='word_1_371' title='bbox 695 3453 760 3539; x_wconf 66' lang='lat' dir='ltr'><strong>ad</strong></span> <span class='ocrx_word' id='word_1_372' title='bbox 787 3452 1032 3540; x_wconf 63' lang='lat' dir='ltr'><strong><em>Studwm&#39;</em></strong></span> <span class='ocrx_word' id='word_1_373' title='bbox 1306 3436 1489 3600; x_wconf 65' lang='lat' dir='ltr'><strong>privamblr</strong></span> <span class='ocrx_word' id='word_1_374' title='bbox 1516 3435 1693 3580; x_wconf 61' lang='lat' dir='ltr'><strong>intebdum</strong></span> <span class='ocrx_word' id='word_1_375' title='bbox 1724 3512 1858 3581; x_wconf 90' lang='lat' dir='ltr'><strong>diutius</strong></span> <span class='ocrx_word' id='word_1_376' title='bbox 1882 3514 2071 3582; x_wconf 89' lang='lat' dir='ltr'><strong>credamus</strong></span> <span class='ocrx_word' id='word_1_377' title='bbox 2085 3427 2250 3580; x_wconf 58' lang='lat' dir='ltr'><strong>’egimqitfi</strong></span> 
     </span>
     <span class='ocr_line' id='line_1_33' title="bbox 330 3606 2251 3704; baseline 0.001 -28"><span class='ocrx_word' id='word_1_378' title='bbox 330 3619 435 3704; x_wconf 72' lang='lat' dir='ltr'><strong>Scripta</strong></span> <span class='ocrx_word' id='word_1_379' title='bbox 454 3621 530 3691; x_wconf 83' lang='lat' dir='ltr'><strong>publ.</strong></span> <span class='ocrx_word' id='word_1_380' title='bbox 547 3621 582 3677; x_wconf 82' lang='grc' dir='ltr'><strong>Τ.</strong></span> <span class='ocrx_word' id='word_1_381' title='bbox 595 3622 617 3678; x_wconf 89' lang='lat' dir='ltr'><strong>t.</strong></span> <span class='ocrx_word' id='word_1_382' title='bbox 635 3623 735 3696; x_wconf 70' lang='lat' dir='ltr'><strong>psat.</strong></span> <span class='ocrx_word' id='word_1_383' title='bbox 755 3653 787 3669; x_wconf 91' lang='lat'><strong>·-</strong></span> <span class='ocrx_word' id='word_1_384' title='bbox 824 3625 923 3679; x_wconf 77' lang='lat' dir='ltr'><strong>addidi</strong></span> <span class='ocrx_word' id='word_1_385' title='bbox 944 3621 1091 3680; x_wconf 64' lang='lat' dir='ltr'><strong>locabat</strong></span> <span class='ocrx_word' id='word_1_386' title='bbox 1111 3625 1252 3698; x_wconf 77' lang='lat' dir='ltr'><strong>seriptum,</strong></span> <span class='ocrx_word' id='word_1_387' title='bbox 1304 3624 1449 3702; x_wconf 89' lang='lat' dir='ltr'><strong>propter</strong></span> <span class='ocrx_word' id='word_1_388' title='bbox 1475 3611 1767 3701; x_wconf 88' lang='lat' dir='ltr'><strong>ingratitudinem</strong></span> <span class='ocrx_word' id='word_1_389' title='bbox 1789 3627 1946 3681; x_wconf 90' lang='lat' dir='ltr'><strong>nostram</strong></span> <span class='ocrx_word' id='word_1_390' title='bbox 1973 3627 2009 3683; x_wconf 93' lang='lat' dir='ltr'><strong>et</strong></span> <span class='ocrx_word' id='word_1_391' title='bbox 2043 3606 2251 3702; x_wconf 68' lang='lat' dir='ltr'><strong>negligentia</strong></span> 
     </span>
     <span class='ocr_line' id='line_1_34' title="bbox 362 3693 2250 3822; baseline 0.006 -10"><span class='ocrx_word' id='word_1_392' title='bbox 362 3693 1254 3822; x_wconf 61' lang='lat' dir='ltr'><strong>aaa.:aaranattulerat:attentae}</strong></span> <span class='ocrx_word' id='word_1_393' title='bbox 1304 3711 2250 3806; x_wconf 61' lang='lat' dir='ltr'><strong>qu......aaa....1.......a......‚n</strong></span> 
     </span>
     <span class='ocr_line' id='line_1_35' title="bbox 362 3807 2251 3902; baseline -0.001 -21"><span class='ocrx_word' id='word_1_394' title='bbox 362 3825 442 3882; x_wconf 75' lang='lat' dir='ltr'><strong>risere</strong></span> <span class='ocrx_word' id='word_1_395' title='bbox 455 3826 482 3882; x_wconf 82' lang='lat' dir='ltr'><strong>tn</strong></span> <span class='ocrx_word' id='word_1_396' title='bbox 498 3847 529 3882; x_wconf 78' lang='lat' dir='ltr'><strong>ea</strong></span> <span class='ocrx_word' id='word_1_397' title='bbox 542 3828 612 3882; x_wconf 74' lang='lat' dir='ltr'><strong>scien</strong></span> <span class='ocrx_word' id='word_1_398' title='bbox 625 3829 706 3902; x_wconf 75' lang='lat' dir='ltr'><strong>digne</strong></span> <span class='ocrx_word' id='word_1_399' title='bbox 719 3831 848 3888; x_wconf 79' lang='lat' dir='ltr'><strong>concines.</strong></span> <span class='ocrx_word' id='word_1_400' title='bbox 1304 3815 1412 3898; x_wconf 90' lang='lat' dir='ltr'><strong>adest,</strong></span> <span class='ocrx_word' id='word_1_401' title='bbox 1436 3813 1505 3897; x_wconf 84' lang='lat' dir='ltr'><strong>vix,</strong></span> <span class='ocrx_word' id='word_1_402' title='bbox 1530 3827 1591 3884; x_wconf 91' lang='lat' dir='ltr'><strong>aut</strong></span> <span class='ocrx_word' id='word_1_403' title='bbox 1605 3828 1697 3883; x_wconf 88' lang='lat' dir='ltr'><strong>certe</strong></span> <span class='ocrx_word' id='word_1_404' title='bbox 1711 3814 1900 3885; x_wconf 87' lang='lat' dir='ltr'><strong>oscitanter</strong></span> <span class='ocrx_word' id='word_1_405' title='bbox 1912 3816 2092 3900; x_wconf 84' lang='lat' dir='ltr'><strong>audimus,</strong></span> <span class='ocrx_word' id='word_1_406' title='bbox 2114 3814 2164 3882; x_wconf 87' lang='lat' dir='ltr'><strong>vel</strong></span> <span class='ocrx_word' id='word_1_407' title='bbox 2175 3807 2251 3880; x_wconf 73' lang='grc' dir='ltr'><strong>ιιίιιῐι</strong></span> 
     </span>
     <span class='ocr_line' id='line_1_36' title="bbox 430 3916 2250 4107; baseline 0.006 -30"><span class='ocrx_word' id='word_1_408' title='bbox 430 3977 614 4056; x_wconf 65' lang='lat' dir='ltr'><strong>Pontus</strong></span> <span class='ocrx_word' id='word_1_409' title='bbox 639 3981 823 4058; x_wconf 62' lang='lat' dir='ltr'><strong>m...</strong></span> <span class='ocrx_word' id='word_1_410' title='bbox 849 3983 1083 4086; x_wconf 64' lang='lat' dir='ltr'><strong>(studiosa).</strong></span> <span class='ocrx_word' id='word_1_411' title='bbox 1303 3916 2135 4107; x_wconf 59' lang='lat' dir='ltr'><strong>lttlt&#39;leattttttteltlt.tttt</strong></span> <span class='ocrx_word' id='word_1_412' title='bbox 2154 3925 2250 4100; x_wconf 67' lang='lat' dir='ltr'><strong>‘bii</strong></span> 
     </span>
     <span class='ocr_line' id='line_1_37' title="bbox 261 4099 2249 4210; baseline 0.001 -27"><span class='ocrx_word' id='word_1_413' title='bbox 261 4099 366 4203; x_wconf 75' lang='lat' dir='ltr'><strong>Quae</strong></span> <span class='ocrx_word' id='word_1_414' title='bbox 394 4113 440 4184; x_wconf 90' lang='lat' dir='ltr'><strong>sit</strong></span> <span class='ocrx_word' id='word_1_415' title='bbox 461 4115 627 4210; x_wconf 76' lang='lat' dir='ltr'><strong>volontas</strong></span> <span class='ocrx_word' id='word_1_416' title='bbox 648 4113 889 4208; x_wconf 88' lang='lat' dir='ltr'><strong>Praeceptoris</strong></span> <span class='ocrx_word' id='word_1_417' title='bbox 914 4119 1025 4187; x_wconf 87' lang='lat' dir='ltr'><strong>nostri</strong></span> <span class='ocrx_word' id='word_1_418' title='bbox 1054 4119 1251 4205; x_wconf 90' lang='lat' dir='ltr'><strong>reverendi,</strong></span> <span class='ocrx_word' id='word_1_419' title='bbox 1301 4119 1331 4186; x_wconf 91' lang='lat' dir='ltr'><strong>si</strong></span> <span class='ocrx_word' id='word_1_420' title='bbox 1347 4117 1512 4188; x_wconf 88' lang='lat' dir='ltr'><strong>volumus</strong></span> <span class='ocrx_word' id='word_1_421' title='bbox 1528 4117 1597 4187; x_wconf 91' lang='lat' dir='ltr'><strong>cito</strong></span> <span class='ocrx_word' id='word_1_422' title='bbox 1621 4119 1724 4188; x_wconf 90' lang='lat' dir='ltr'><strong>nobis</strong></span> <span class='ocrx_word' id='word_1_423' title='bbox 1746 4118 1823 4188; x_wconf 90' lang='lat' dir='ltr'><strong>eins</strong></span> <span class='ocrx_word' id='word_1_424' title='bbox 1839 4141 1959 4187; x_wconf 87' lang='lat' dir='ltr'><strong>vocem</strong></span> <span class='ocrx_word' id='word_1_425' title='bbox 1981 4119 2106 4204; x_wconf 88' lang='lat' dir='ltr'><strong>reddi,</strong></span> <span class='ocrx_word' id='word_1_426' title='bbox 2132 4127 2249 4204; x_wconf 54' lang='lat' dir='ltr'><strong>agnos*</strong></span> 
     </span>
     <span class='ocr_line' id='line_1_38' title="bbox 259 4207 2247 4314; baseline -0.002 -28"><span class='ocrx_word' id='word_1_427' title='bbox 259 4207 432 4312; x_wconf 78' lang='lat' dir='ltr'><strong>Philippi</strong></span> <span class='ocrx_word' id='word_1_428' title='bbox 457 4209 736 4303; x_wconf 79' lang='lat' dir='ltr'><strong>Melanthonis,</strong></span> <span class='ocrx_word' id='word_1_429' title='bbox 768 4221 960 4311; x_wconf 86' lang='lat' dir='ltr'><strong>exscripto</strong></span> <span class='ocrx_word' id='word_1_430' title='bbox 991 4221 1120 4310; x_wconf 84' lang='lat' dir='ltr'><strong>ipsius,</strong></span> <span class='ocrx_word' id='word_1_431' title='bbox 1153 4223 1250 4314; x_wconf 91' lang='lat' dir='ltr'><strong>quod</strong></span> <span class='ocrx_word' id='word_1_432' title='bbox 1303 4241 1380 4287; x_wconf 92' lang='lat' dir='ltr'><strong>mus</strong></span> <span class='ocrx_word' id='word_1_433' title='bbox 1407 4217 1562 4308; x_wconf 90' lang='lat' dir='ltr'><strong>primum</strong></span> <span class='ocrx_word' id='word_1_434' title='bbox 1592 4233 1625 4288; x_wconf 92' lang='lat' dir='ltr'><strong>et</strong></span> <span class='ocrx_word' id='word_1_435' title='bbox 1649 4219 1738 4309; x_wconf 87' lang='lat' dir='ltr'><strong>grati</strong></span> <span class='ocrx_word' id='word_1_436' title='bbox 1763 4221 1980 4288; x_wconf 85' lang='lat' dir='ltr'><strong>celebremus</strong></span> <span class='ocrx_word' id='word_1_437' title='bbox 2009 4213 2081 4290; x_wconf 87' lang='lat' dir='ltr'><strong>hoc</strong></span> <span class='ocrx_word' id='word_1_438' title='bbox 2105 4215 2247 4288; x_wconf 65' lang='lat' dir='ltr'><strong>marinna</strong></span> 
     </span>
     <span class='ocr_line' id='line_1_39' title="bbox 256 4307 2248 4414; baseline -0.002 -26"><span class='ocrx_word' id='word_1_439' title='bbox 256 4315 376 4408; x_wconf 91' lang='lat' dir='ltr'><strong>Lipsia</strong></span> <span class='ocrx_word' id='word_1_440' title='bbox 391 4319 435 4386; x_wconf 89' lang='lat' dir='ltr'><strong>ad</strong></span> <span class='ocrx_word' id='word_1_441' title='bbox 453 4341 517 4388; x_wconf 90' lang='lat' dir='ltr'><strong>nos</strong></span> <span class='ocrx_word' id='word_1_442' title='bbox 532 4319 645 4403; x_wconf 88' lang='lat' dir='ltr'><strong>misit,</strong></span> <span class='ocrx_word' id='word_1_443' title='bbox 671 4320 878 4410; x_wconf 87' lang='lat' dir='ltr'><strong>intelligitis.</strong></span> <span class='ocrx_word' id='word_1_444' title='bbox 899 4389 901 4398; x_wconf 74' lang='grc'>,</span> <span class='ocrx_word' id='word_1_445' title='bbox 928 4317 1006 4390; x_wconf 86' lang='lat' dir='ltr'><strong>Etsi</strong></span> <span class='ocrx_word' id='word_1_446' title='bbox 1020 4335 1136 4391; x_wconf 91' lang='lat' dir='ltr'><strong>autem</strong></span> <span class='ocrx_word' id='word_1_447' title='bbox 1149 4323 1251 4391; x_wconf 88' lang='lat' dir='ltr'><strong>facile</strong></span> <span class='ocrx_word' id='word_1_448' title='bbox 1301 4319 1367 4390; x_wconf 89' lang='lat' dir='ltr'><strong>Dei</strong></span> <span class='ocrx_word' id='word_1_449' title='bbox 1385 4319 1612 4404; x_wconf 85' lang='lat' dir='ltr'><strong>beneficium,</strong></span> <span class='ocrx_word' id='word_1_450' title='bbox 1636 4323 1733 4414; x_wconf 91' lang='lat' dir='ltr'><strong>quod</strong></span> <span class='ocrx_word' id='word_1_451' title='bbox 1747 4321 1845 4390; x_wconf 91' lang='lat' dir='ltr'><strong>dedit</strong></span> <span class='ocrx_word' id='word_1_452' title='bbox 1865 4315 2037 4392; x_wconf 87' lang='lat' dir='ltr'><strong>hactenus</strong></span> <span class='ocrx_word' id='word_1_453' title='bbox 2056 4315 2140 4392; x_wconf 88' lang='lat' dir='ltr'><strong>hnic</strong></span> <span class='ocrx_word' id='word_1_454' title='bbox 2153 4307 2248 4386; x_wconf 73' lang='lat' dir='ltr'><strong>echols</strong></span> 
     </span>
     <span class='ocr_line' id='line_1_40' title="bbox 257 4417 2248 4514; baseline -0.001 -27"><span class='ocrx_word' id='word_1_455' title='bbox 257 4441 426 4508; x_wconf 89' lang='lat' dir='ltr'><strong>agnosco,</strong></span> <span class='ocrx_word' id='word_1_456' title='bbox 452 4443 543 4488; x_wconf 90' lang='lat' dir='ltr'><strong>ame</strong></span> <span class='ocrx_word' id='word_1_457' title='bbox 563 4443 784 4514; x_wconf 89' lang='lat' dir='ltr'><strong>nequaqnam</strong></span> <span class='ocrx_word' id='word_1_458' title='bbox 807 4447 864 4505; x_wconf 87' lang='lat' dir='ltr'><strong>ea,</strong></span> <span class='ocrx_word' id='word_1_459' title='bbox 887 4447 976 4514; x_wconf 84' lang='lat' dir='ltr'><strong>qnae</strong></span> <span class='ocrx_word' id='word_1_460' title='bbox 998 4417 1087 4491; x_wconf 91' lang='lat' dir='ltr'><strong>mihi</strong></span> <span class='ocrx_word' id='word_1_461' title='bbox 1105 4423 1150 4492; x_wconf 91' lang='lat' dir='ltr'><strong>ab</strong></span> <span class='ocrx_word' id='word_1_462' title='bbox 1171 4423 1249 4514; x_wconf 90' lang='lat' dir='ltr'><strong>ipso</strong></span> <span class='ocrx_word' id='word_1_463' title='bbox 1300 4421 1474 4492; x_wconf 87' lang='lat' dir='ltr'><strong>eiusmodi</strong></span> <span class='ocrx_word' id='word_1_464' title='bbox 1488 4424 1687 4504; x_wconf 90' lang='lat' dir='ltr'><strong>doctorem,</strong></span> <span class='ocrx_word' id='word_1_465' title='bbox 1709 4422 1771 4514; x_wconf 85' lang='lat' dir='ltr'><strong>qni</strong></span> <span class='ocrx_word' id='word_1_466' title='bbox 1793 4445 1867 4490; x_wconf 89' lang='lat' dir='ltr'><strong>non</strong></span> <span class='ocrx_word' id='word_1_467' title='bbox 1885 4423 1993 4492; x_wconf 89' lang='lat' dir='ltr'><strong>modo</strong></span> <span class='ocrx_word' id='word_1_468' title='bbox 2012 4421 2248 4492; x_wconf 69' lang='lat' dir='ltr'><strong>eruditionem</strong></span> 
     </span>
     <span class='ocr_line' id='line_1_41' title="bbox 257 4507 2249 4622; baseline 0.001 -34"><span class='ocrx_word' id='word_1_469' title='bbox 257 4518 502 4610; x_wconf 81' lang='lat' dir='ltr'><strong>imponuntur,</strong></span> <span class='ocrx_word' id='word_1_470' title='bbox 518 4545 598 4590; x_wconf 87' lang='lat' dir='ltr'><strong>cum</strong></span> <span class='ocrx_word' id='word_1_471' title='bbox 612 4519 812 4592; x_wconf 83' lang='lat' dir='ltr'><strong>auditorum</strong></span> <span class='ocrx_word' id='word_1_472' title='bbox 829 4525 945 4594; x_wconf 91' lang='lat' dir='ltr'><strong>fructu</strong></span> <span class='ocrx_word' id='word_1_473' title='bbox 958 4525 1123 4593; x_wconf 87' lang='lat' dir='ltr'><strong>sustineri</strong></span> <span class='ocrx_word' id='word_1_474' title='bbox 1138 4547 1250 4614; x_wconf 85' lang='lat' dir='ltr'><strong>posse,</strong></span> <span class='ocrx_word' id='word_1_475' title='bbox 1302 4523 1392 4592; x_wconf 89' lang='lat' dir='ltr'><strong>iuvit</strong></span> <span class='ocrx_word' id='word_1_476' title='bbox 1407 4523 1522 4595; x_wconf 86' lang='lat' dir='ltr'><strong>studia</strong></span> <span class='ocrx_word' id='word_1_477' title='bbox 1537 4523 1719 4606; x_wconf 89' lang='lat' dir='ltr'><strong>omnium,</strong></span> <span class='ocrx_word' id='word_1_478' title='bbox 1743 4523 1923 4592; x_wconf 83' lang='lat' dir='ltr'><strong>sedetiam</strong></span> <span class='ocrx_word' id='word_1_479' title='bbox 1941 4536 2040 4594; x_wconf 87' lang='lat' dir='ltr'><strong>tanta</strong></span> <span class='ocrx_word' id='word_1_480' title='bbox 2064 4545 2147 4592; x_wconf 87' lang='lat' dir='ltr'><strong>cora</strong></span> <span class='ocrx_word' id='word_1_481' title='bbox 2162 4541 2194 4587; x_wconf 82' lang='lat' dir='ltr'><strong>ae</strong></span> <span class='ocrx_word' id='word_1_482' title='bbox 2210 4507 2249 4622; x_wconf 64' lang='lat' dir='ltr'><strong>blf</strong></span> 
     </span>
     <span class='ocr_line' id='line_1_42' title="bbox 255 4611 2248 4722; baseline 0.001 -32"><span class='ocrx_word' id='word_1_483' title='bbox 255 4622 459 4714; x_wconf 89' lang='lat' dir='ltr'><strong>praesertim</strong></span> <span class='ocrx_word' id='word_1_484' title='bbox 495 4647 575 4690; x_wconf 88' lang='lat' dir='ltr'><strong>cum</strong></span> <span class='ocrx_word' id='word_1_485' title='bbox 610 4623 648 4690; x_wconf 92' lang='lat' dir='ltr'><strong>in</strong></span> <span class='ocrx_word' id='word_1_486' title='bbox 682 4619 748 4694; x_wconf 90' lang='lat' dir='ltr'><strong>hac</strong></span> <span class='ocrx_word' id='word_1_487' title='bbox 777 4625 1047 4716; x_wconf 88' lang='lat' dir='ltr'><strong>occupationum</strong></span> <span class='ocrx_word' id='word_1_488' title='bbox 1081 4626 1249 4697; x_wconf 87' lang='lat' dir='ltr'><strong>varietate</strong></span> <span class='ocrx_word' id='word_1_489' title='bbox 1300 4625 1503 4714; x_wconf 81' lang='lat' dir='ltr'><strong>complexus</strong></span> <span class='ocrx_word' id='word_1_490' title='bbox 1525 4637 1576 4692; x_wconf 87' lang='lat' dir='ltr'><strong>est</strong></span> <span class='ocrx_word' id='word_1_491' title='bbox 1590 4624 1791 4694; x_wconf 86' lang='lat' dir='ltr'><strong>universam</strong></span> <span class='ocrx_word' id='word_1_492' title='bbox 1815 4619 1974 4693; x_wconf 84' lang='lat' dir='ltr'><strong>scholam</strong></span> <span class='ocrx_word' id='word_1_493' title='bbox 1995 4647 2038 4694; x_wconf 89' lang='lat' dir='ltr'><strong>ac</strong></span> <span class='ocrx_word' id='word_1_494' title='bbox 2059 4611 2248 4722; x_wconf 62' lang='lat' dir='ltr'><strong>etngotosdf</strong></span> 
     </span>
     <span class='ocr_line' id='line_1_43' title="bbox 256 4719 2248 4822; baseline 0 -29"><span class='ocrx_word' id='word_1_495' title='bbox 256 4723 359 4793; x_wconf 91' lang='lat' dir='ltr'><strong>etiam</strong></span> <span class='ocrx_word' id='word_1_496' title='bbox 376 4737 532 4814; x_wconf 89' lang='lat' dir='ltr'><strong>tempore</strong></span> <span class='ocrx_word' id='word_1_497' title='bbox 548 4725 735 4808; x_wconf 88' lang='lat' dir='ltr'><strong>destituar,</strong></span> <span class='ocrx_word' id='word_1_498' title='bbox 762 4728 837 4795; x_wconf 91' lang='lat' dir='ltr'><strong>sine</strong></span> <span class='ocrx_word' id='word_1_499' title='bbox 855 4753 924 4819; x_wconf 91' lang='lat' dir='ltr'><strong>quo</strong></span> <span class='ocrx_word' id='word_1_500' title='bbox 945 4727 1146 4816; x_wconf 82' lang='lat' dir='ltr'><strong>diligentiae</strong></span> <span class='ocrx_word' id='word_1_501' title='bbox 1163 4749 1248 4797; x_wconf 86' lang='lat' dir='ltr'><strong>usus</strong></span> <span class='ocrx_word' id='word_1_502' title='bbox 1300 4740 1451 4810; x_wconf 88' lang='lat' dir='ltr'><strong>scentes,</strong></span> <span class='ocrx_word' id='word_1_503' title='bbox 1478 4738 1608 4818; x_wconf 85' lang='lat' dir='ltr'><strong>quanta</strong></span> <span class='ocrx_word' id='word_1_504' title='bbox 1623 4724 1713 4794; x_wconf 85' lang='lat' dir='ltr'><strong>solet</strong></span> <span class='ocrx_word' id='word_1_505' title='bbox 1730 4737 1829 4816; x_wconf 88' lang='lat' dir='ltr'><strong>pater</strong></span> <span class='ocrx_word' id='word_1_506' title='bbox 1844 4725 1977 4795; x_wconf 85' lang='lat' dir='ltr'><strong>liberos</strong></span> <span class='ocrx_word' id='word_1_507' title='bbox 1994 4747 2085 4796; x_wconf 89' lang='lat' dir='ltr'><strong>snos</strong></span> <span class='ocrx_word' id='word_1_508' title='bbox 2098 4719 2248 4822; x_wconf 56' lang='lat' dir='ltr'><strong>completi:</strong></span> 
     </span>
     <span class='ocr_line' id='line_1_44' title="bbox 254 4817 2247 4922; baseline 0.001 -28"><span class='ocrx_word' id='word_1_509' title='bbox 254 4847 327 4894; x_wconf 86' lang='lat' dir='ltr'><strong>esse</strong></span> <span class='ocrx_word' id='word_1_510' title='bbox 343 4825 464 4894; x_wconf 92' lang='lat' dir='ltr'><strong>nullus</strong></span> <span class='ocrx_word' id='word_1_511' title='bbox 480 4839 608 4915; x_wconf 91' lang='lat' dir='ltr'><strong>potest:</strong></span> <span class='ocrx_word' id='word_1_512' title='bbox 634 4839 751 4895; x_wconf 91' lang='lat' dir='ltr'><strong>tamen</strong></span> <span class='ocrx_word' id='word_1_513' title='bbox 774 4853 854 4897; x_wconf 92' lang='lat' dir='ltr'><strong>cum</strong></span> <span class='ocrx_word' id='word_1_514' title='bbox 874 4821 963 4896; x_wconf 85' lang='lat' dir='ltr'><strong>milri</strong></span> <span class='ocrx_word' id='word_1_515' title='bbox 981 4828 1157 4918; x_wconf 85' lang='lat' dir='ltr'><strong>integrum</strong></span> <span class='ocrx_word' id='word_1_516' title='bbox 1172 4852 1246 4897; x_wconf 91' lang='lat' dir='ltr'><strong>non</strong></span> <span class='ocrx_word' id='word_1_517' title='bbox 1298 4825 1372 4910; x_wconf 87' lang='lat' dir='ltr'><strong>vel,</strong></span> <span class='ocrx_word' id='word_1_518' title='bbox 1396 4841 1436 4898; x_wconf 90' lang='lat' dir='ltr'><strong>nt</strong></span> <span class='ocrx_word' id='word_1_519' title='bbox 1453 4825 1584 4896; x_wconf 83' lang='lat' dir='ltr'><strong>Paulus</strong></span> <span class='ocrx_word' id='word_1_520' title='bbox 1602 4827 1775 4917; x_wconf 86' lang='lat' dir='ltr'><strong>loquitur:</strong></span> <span class='ocrx_word' id='word_1_521' title='bbox 1798 4820 1849 4906; x_wconf 74' lang='lat' dir='ltr'><strong>oie</strong></span> <span class='ocrx_word' id='word_1_522' title='bbox 1863 4821 1913 4898; x_wconf 73' lang='lat' dir='ltr'><strong>tr</strong></span> <span class='ocrx_word' id='word_1_523' title='bbox 1927 4821 2071 4922; x_wconf 71' lang='grc' dir='ltr'><strong><em>τροφὸς</em></strong></span> <span class='ocrx_word' id='word_1_524' title='bbox 2090 4817 2207 4896; x_wconf 71' lang='grc' dir='ltr'><strong>θάλπει</strong></span> <span class='ocrx_word' id='word_1_525' title='bbox 2220 4829 2247 4880; x_wconf 71' lang='lat' dir='ltr'><strong>ll</strong></span> 
     </span>
     <span class='ocr_line' id='line_1_45' title="bbox 255 4914 2248 5020; baseline -0.002 -27"><span class='ocrx_word' id='word_1_526' title='bbox 255 4925 317 5008; x_wconf 88' lang='lat' dir='ltr'><strong>sit,</strong></span> <span class='ocrx_word' id='word_1_527' title='bbox 353 4927 422 4994; x_wconf 91' lang='lat' dir='ltr'><strong>nisi</strong></span> <span class='ocrx_word' id='word_1_528' title='bbox 449 4926 602 4995; x_wconf 84' lang='lat' dir='ltr'><strong>officium</strong></span> <span class='ocrx_word' id='word_1_529' title='bbox 630 4928 795 4997; x_wconf 82' lang='lat' dir='ltr'><strong>scelerate</strong></span> <span class='ocrx_word' id='word_1_530' title='bbox 825 4931 1102 5018; x_wconf 87' lang='lat' dir='ltr'><strong>praetermittere</strong></span> <span class='ocrx_word' id='word_1_531' title='bbox 1125 4929 1245 5010; x_wconf 86' lang='lat' dir='ltr'><strong>velim,</strong></span> <span class='ocrx_word' id='word_1_532' title='bbox 1296 4927 1428 5020; x_wconf 77' lang='grc' dir='ltr'><strong><em>ἑαυτῆς</em></strong></span> <span class='ocrx_word' id='word_1_533' title='bbox 1449 4923 1572 5004; x_wconf 70' lang='grc' dir='ltr'><strong>τέκνα.</strong></span> <span class='ocrx_word' id='word_1_534' title='bbox 1623 4927 1762 5007; x_wconf 86' lang='lat' dir='ltr'><strong>Deinde</strong></span> <span class='ocrx_word' id='word_1_535' title='bbox 1784 4927 1907 4998; x_wconf 90' lang='lat' dir='ltr'><strong>sedulo</strong></span> <span class='ocrx_word' id='word_1_536' title='bbox 1927 4951 1994 5019; x_wconf 91' lang='lat' dir='ltr'><strong>pro</strong></span> <span class='ocrx_word' id='word_1_537' title='bbox 2017 4928 2131 5020; x_wconf 87' lang='lat' dir='ltr'><strong>ipsius</strong></span> <span class='ocrx_word' id='word_1_538' title='bbox 2152 4914 2248 4992; x_wconf 75' lang='lat' dir='ltr'><strong>incole</strong></span> 
     </span>
     <span class='ocr_line' id='line_1_46' title="bbox 255 5015 2245 5123; baseline -0.001 -29"><span class='ocrx_word' id='word_1_539' title='bbox 255 5027 329 5094; x_wconf 91' lang='lat' dir='ltr'><strong>eius</strong></span> <span class='ocrx_word' id='word_1_540' title='bbox 363 5028 605 5098; x_wconf 89' lang='lat' dir='ltr'><strong>anctoritatem</strong></span> <span class='ocrx_word' id='word_1_541' title='bbox 639 5031 823 5118; x_wconf 75' lang='lat' dir='ltr'><strong>defugere,</strong></span> <span class='ocrx_word' id='word_1_542' title='bbox 861 5053 966 5123; x_wconf 90' lang='lat' dir='ltr'><strong>quem</strong></span> <span class='ocrx_word' id='word_1_543' title='bbox 1000 5045 1038 5100; x_wconf 91' lang='lat' dir='ltr'><strong>ut</strong></span> <span class='ocrx_word' id='word_1_544' title='bbox 1065 5043 1243 5121; x_wconf 88' lang='lat' dir='ltr'><strong>parentem</strong></span> <span class='ocrx_word' id='word_1_545' title='bbox 1297 5031 1417 5099; x_wconf 86' lang='lat' dir='ltr'><strong>mitate</strong></span> <span class='ocrx_word' id='word_1_546' title='bbox 1440 5052 1582 5098; x_wconf 91' lang='lat' dir='ltr'><strong>oremus</strong></span> <span class='ocrx_word' id='word_1_547' title='bbox 1597 5026 1733 5111; x_wconf 91' lang='lat' dir='ltr'><strong>Deum,</strong></span> <span class='ocrx_word' id='word_1_548' title='bbox 1758 5039 1792 5097; x_wconf 89' lang='lat' dir='ltr'><strong>et</strong></span> <span class='ocrx_word' id='word_1_549' title='bbox 1808 5051 1924 5098; x_wconf 87' lang='lat' dir='ltr'><strong>mores</strong></span> <span class='ocrx_word' id='word_1_550' title='bbox 1941 5043 2142 5099; x_wconf 85' lang='lat' dir='ltr'><strong>nosnosea</strong></span> <span class='ocrx_word' id='word_1_551' title='bbox 2161 5015 2245 5092; x_wconf 76' lang='lat' dir='ltr'><strong>mode</strong></span> 
     </span>
     <span class='ocr_line' id='line_1_47' title="bbox 253 5129 2246 5223; baseline 0 -26"><span class='ocrx_word' id='word_1_552' title='bbox 253 5149 376 5197; x_wconf 83' lang='lat' dir='ltr'><strong>ornnes</strong></span> <span class='ocrx_word' id='word_1_553' title='bbox 408 5131 533 5198; x_wconf 91' lang='lat' dir='ltr'><strong>merito</strong></span> <span class='ocrx_word' id='word_1_554' title='bbox 561 5129 729 5216; x_wconf 88' lang='lat' dir='ltr'><strong>colimus,</strong></span> <span class='ocrx_word' id='word_1_555' title='bbox 762 5131 916 5223; x_wconf 87' lang='lat' dir='ltr'><strong>aliquam</strong></span> <span class='ocrx_word' id='word_1_556' title='bbox 947 5147 1081 5220; x_wconf 89' lang='lat' dir='ltr'><strong>partem</strong></span> <span class='ocrx_word' id='word_1_557' title='bbox 1110 5155 1244 5217; x_wconf 90' lang='lat' dir='ltr'><strong>eorum,</strong></span> <span class='ocrx_word' id='word_1_558' title='bbox 1296 5131 1432 5202; x_wconf 91' lang='lat' dir='ltr'><strong>ratione</strong></span> <span class='ocrx_word' id='word_1_559' title='bbox 1463 5130 1662 5213; x_wconf 83' lang='lat' dir='ltr'><strong>flectamus,</strong></span> <span class='ocrx_word' id='word_1_560' title='bbox 1697 5152 1743 5198; x_wconf 89' lang='lat' dir='ltr'><strong>ne</strong></span> <span class='ocrx_word' id='word_1_561' title='bbox 1771 5129 1887 5220; x_wconf 89' lang='lat' dir='ltr'><strong>ipsum</strong></span> <span class='ocrx_word' id='word_1_562' title='bbox 1917 5131 2102 5200; x_wconf 85' lang='lat' dir='ltr'><strong>absentem</strong></span> <span class='ocrx_word' id='word_1_563' title='bbox 2129 5129 2246 5196; x_wconf 69' lang='lat' dir='ltr'><strong>muana</strong></span> 
     </span>
     <span class='ocr_line' id='line_1_48' title="bbox 252 5213 2244 5324; baseline 0.004 -27"><span class='ocrx_word' id='word_1_564' title='bbox 252 5251 341 5324; x_wconf 90' lang='lat' dir='ltr'><strong>quae</strong></span> <span class='ocrx_word' id='word_1_565' title='bbox 355 5229 559 5300; x_wconf 88' lang='lat' dir='ltr'><strong>iussussum</strong></span> <span class='ocrx_word' id='word_1_566' title='bbox 575 5231 707 5316; x_wconf 87' lang='lat' dir='ltr'><strong>facere,</strong></span> <span class='ocrx_word' id='word_1_567' title='bbox 731 5231 771 5302; x_wconf 93' lang='lat' dir='ltr'><strong>in</strong></span> <span class='ocrx_word' id='word_1_568' title='bbox 786 5257 841 5302; x_wconf 90' lang='lat' dir='ltr'><strong>mc</strong></span> <span class='ocrx_word' id='word_1_569' title='bbox 858 5232 1004 5324; x_wconf 89' lang='lat' dir='ltr'><strong>suscepi.</strong></span> <span class='ocrx_word' id='word_1_570' title='bbox 1055 5229 1242 5303; x_wconf 87' lang='lat' dir='ltr'><strong>Caeterum</strong></span> <span class='ocrx_word' id='word_1_571' title='bbox 1295 5233 1339 5304; x_wconf 89' lang='lat' dir='ltr'><strong>de</strong></span> <span class='ocrx_word' id='word_1_572' title='bbox 1360 5229 1555 5324; x_wconf 88' lang='lat' dir='ltr'><strong>petulantia</strong></span> <span class='ocrx_word' id='word_1_573' title='bbox 1573 5231 1766 5304; x_wconf 79' lang='lat' dir='ltr'><strong>iuventutis</strong></span> <span class='ocrx_word' id='word_1_574' title='bbox 1787 5231 1896 5322; x_wconf 84' lang='lat' dir='ltr'><strong>magis</strong></span> <span class='ocrx_word' id='word_1_575' title='bbox 1916 5231 2101 5322; x_wconf 85' lang='lat' dir='ltr'><strong>adfligant.</strong></span> <span class='ocrx_word' id='word_1_576' title='bbox 2151 5222 2197 5296; x_wconf 75' lang='lat'><strong>17·</strong></span> <span class='ocrx_word' id='word_1_577' title='bbox 2212 5213 2244 5284; x_wconf 59' lang='lat' dir='ltr'><strong>ll</strong></span> 
     </span>
     <span class='ocr_line' id='line_1_49' title="bbox 250 5325 1648 5426; baseline 0.005 -25"><span class='ocrx_word' id='word_1_578' title='bbox 250 5325 411 5402; x_wconf 87' lang='lat' dir='ltr'><strong>hortator</strong></span> <span class='ocrx_word' id='word_1_579' title='bbox 430 5331 482 5400; x_wconf 93' lang='lat' dir='ltr'><strong>foi</strong></span> <span class='ocrx_word' id='word_1_580' title='bbox 505 5332 716 5402; x_wconf 86' lang='lat' dir='ltr'><strong>doctissimis</strong></span> <span class='ocrx_word' id='word_1_581' title='bbox 731 5333 1017 5426; x_wconf 89' lang='lat' dir='ltr'><strong>praeceptoribus</strong></span> <span class='ocrx_word' id='word_1_582' title='bbox 1038 5358 1079 5404; x_wconf 85' lang='lat' dir='ltr'><strong>ac</strong></span> <span class='ocrx_word' id='word_1_583' title='bbox 1101 5334 1242 5424; x_wconf 86' lang='lat' dir='ltr'><strong>collegis</strong></span> <span class='ocrx_word' id='word_1_584' title='bbox 1294 5333 1411 5410; x_wconf 86' lang='lat' dir='ltr'><strong>nuarii</strong></span> <span class='ocrx_word' id='word_1_585' title='bbox 1426 5357 1522 5409; x_wconf 88' lang='lat' dir='ltr'><strong>anno</strong></span> <span class='ocrx_word' id='word_1_586' title='bbox 1542 5330 1648 5412; x_wconf 73' lang='lat'><strong>1552.</strong></span> 
     </span>
     <span class='ocr_line' id='line_1_50' title="bbox 249 5429 1290 5530; baseline 0.005 -28"><span class='ocrx_word' id='word_1_587' title='bbox 249 5429 356 5518; x_wconf 89' lang='lat' dir='ltr'><strong>meis,</strong></span> <span class='ocrx_word' id='word_1_588' title='bbox 380 5445 421 5503; x_wconf 92' lang='lat' dir='ltr'><strong>ut</strong></span> <span class='ocrx_word' id='word_1_589' title='bbox 437 5432 608 5526; x_wconf 89' lang='lat' dir='ltr'><strong>reliquam</strong></span> <span class='ocrx_word' id='word_1_590' title='bbox 633 5448 768 5526; x_wconf 90' lang='lat' dir='ltr'><strong>partem</strong></span> <span class='ocrx_word' id='word_1_591' title='bbox 792 5459 978 5528; x_wconf 88' lang='lat' dir='ltr'><strong>operarum</strong></span> <span class='ocrx_word' id='word_1_592' title='bbox 1001 5437 1068 5530; x_wconf 89' lang='lat' dir='ltr'><strong>ipsi</strong></span> <span class='ocrx_word' id='word_1_593' title='bbox 1088 5437 1182 5508; x_wconf 81' lang='lat' dir='ltr'><strong>inter</strong></span> <span class='ocrx_word' id='word_1_594' title='bbox 1205 5459 1242 5505; x_wconf 91' lang='lat' dir='ltr'><strong>se</strong></span> <span class='ocrx_word' id='word_1_595' title='bbox 1286 5455 1290 5507; x_wconf 79' lang='lat' dir='ltr'><strong>t</strong></span> 
     </span>
    </p>
   </div>
   <div class='ocr_carea' id='block_1_3' title="bbox 0 0 2316 6212">
    <p class='ocr_par' dir='ltr' id='par_1_3' title="bbox 0 0 2316 6212">
     <span class='ocr_line' id='line_1_51' title="bbox 0 0 2316 6212; baseline 0 0"><span class='ocrx_word' id='word_1_596' title='bbox 0 0 2316 6212; x_wconf 95' lang='lat' dir='ltr'><strong> </strong></span> 
     </span>
    </p>
   </div>
  </div>
 </body>
</html>
