4614 6226
61 359 118 435 su
608 353 1052 434 unrsrocannu
1105 353 1301 434 crem.
1354 307 1485 436 ests.
1998 371 2075 450 aaa

65 535 157 602 lorum
178 523 409 626 exitialium’)
426 531 571 623 patriae.
627 529 702 602 Nec
716 533 896 605 voluimus
911 531 1025 604 deseri
1075 529 1336 621 scriptumest:
1369 527 1474 602 Haec
1497 529 1624 602 omniu
1658 541 1826 606 venerunt
1851 559 1961 637 super
1993 565 2072 629 nos,

22 611 28 640 ¹
65 631 227 716 Ecclesiae,
258 647 299 704 ut
330 633 369 702 in
396 630 532 703 Suesia
565 634 711 719 accidit,
742 637 808 706 ubi
830 637 869 705 in
904 634 1026 706 multis
1075 628 1463 710 necoblr'tisumusle.
1513 633 1588 706 Nos
1603 661 1678 707 nou
1692 660 1814 710 snmus
1830 663 2008 728 suasores,
2033 659 2073 718 ut

65 733 176 826 templis
189 734 254 802 iam
270 757 412 825 prorsus
421 737 576 806 solitudo
594 750 654 820 est,
670 750 730 806 aut
748 737 823 829 lupi
842 739 911 808 iam
924 761 1026 829 prae·
1074 731 1252 804 Ecclesiae
1267 735 1479 822 turbentur,
1504 761 1570 808 uec
1594 739 1633 808 in
1650 739 1789 810 minore
1811 744 1935 816 dolore
1955 759 1989 816 et
2010 771 2075 842 pe«

68 849 141 919 runt,
162 835 219 928 qni
234 837 428 906 doctrinam
446 838 592 928 impiam
609 851 644 910 et
661 839 766 908 falsas
782 841 1025 911 invocationes
1074 836 1185 906 riculo
1209 859 1331 908 sumus
1354 862 1462 932 quam
1484 861 1566 926 vos,
1590 842 1652 910 sed
1671 841 1734 912 ubi
1759 867 1851 914 nova
1868 869 1976 917 onera
2002 850 2072 918 im-

66 938 233 1010 rutituunt.
282 935 321 1008 Si
348 936 411 1009 tali
436 953 593 1030 tempore
619 935 687 1009 hoc
714 955 874 1012 nostmm
908 942 1024 1012 consi·
1074 951 1274 1028 ponuntur,
1310 941 1503 1030 prudenter
1529 941 1760 1012 iudicandum
1788 969 1862 1017 esse
1888 949 2072 1037 sentimus,

65 1039 129 1108 lium
151 1032 419 1129 reprehenditis,
452 1042 586 1132 ignosci
619 1041 724 1112 nobis
756 1045 928 1134 petimus,
960 1067 1025 1112 nec
1073 1063 1119 1108 an
1142 1040 1398 1134 relinquendae
1420 1043 1493 1112 sint
1505 1040 1684 1113 Ecclesiae
1700 1045 1811 1136 lupis,
1835 1050 2069 1124 antiacienda

63 1153 217 1232 propterea
251 1164 317 1210 uos
354 1145 534 1230 damnari,
584 1143 648 1238 qui
682 1169 803 1214 vocem
837 1142 1025 1234 Evangelii
1072 1141 1249 1222 solitudo,
1275 1166 1321 1211 an
1339 1167 1423 1212 vero
1440 1147 1591 1214 servitus
1605 1147 1788 1216 toleranda
1804 1149 1860 1219 sit.
1897 1149 1989 1222 Nam
2006 1177 2071 1223 ne-

60 1243 179 1311 undem
200 1243 380 1316 vobiscum
404 1267 590 1331 sonamus,
616 1259 649 1316 et
671 1245 854 1340 aliquanto
880 1248 1025 1340 propio·
1073 1267 1142 1334 que
1158 1265 1223 1312 nos
1239 1244 1366 1334 impias
1381 1243 1609 1315 Ceremonias
1624 1249 1734 1340 recipi
1750 1249 1928 1338 volumus,
1956 1278 2071 1349 neque

58 1344 252 1435 respericulo
268 1367 407 1428 sumtis,
433 1373 538 1441 quam
556 1373 635 1430 vos,
652 1347 716 1441 qui
733 1345 870 1419 habetis
885 1350 1025 1419 audito·
1073 1346 1149 1414 sine
1164 1347 1379 1434 gravissimis
1399 1349 1514 1417 causis
1528 1350 1642 1417 deseri
1659 1345 1849 1436 Ecclesiae,
1875 1355 1964 1426 sicut
1984 1359 2071 1426 scri-

58 1467 98 1514 res
118 1445 299 1540 aeqtriores.
347 1443 397 1518 Et
415 1473 533 1518 coram
556 1451 676 1541 plures
696 1472 818 1539 graves
833 1451 1024 1521 causasdi-
1074 1461 1173 1536 ptum
1198 1461 1265 1516 est:
1319 1443 1409 1520 Non
1440 1443 1638 1520 deserentes
1670 1453 1985 1546 congregationem
2013 1480 2071 1528 ve-

58 1569 117 1615 rere
132 1571 320 1638 possemus,
346 1573 411 1618 cur
427 1545 494 1621 hoc
512 1551 729 1622 moderatius
745 1553 933 1622 consilium
953 1553 1025 1624 nti·
1073 1545 1249 1643 strum*).

57 1646 182 1718 liusesse
198 1649 405 1724 iudicemus.
835 1703 838 1710 r
1175 1647 1278 1722 Hanc
1307 1651 1574 1743 responsionem
1596 1653 1698 1724 vobis
1719 1657 1974 1741 satisfacturam
1998 1683 2071 1732 esse

136 1749 229 1838 erae
243 1775 299 1822 res
316 1753 535 1823 adversarios
551 1755 739 1826 armaverit
755 1769 876 1826 eontra
892 1780 973 1842 aaa,
991 1770 1025 1826 et
1073 1775 1264 1841 speramus,
1279 1765 1312 1822 et
1326 1755 1501 1844 optamus,
1513 1767 1553 1824 ut
1571 1769 1713 1826 aeterna
1733 1758 1780 1827 sit
1796 1759 1891 1830 inter
1904 1785 1969 1830 nos
1984 1787 2071 1832 con-

35 1849 207 1920 'sudaciam
224 1877 263 1924 ac
281 1856 474 1944 potentiam
497 1879 619 1926 eorum
640 1857 917 1943 confirmaverit,
944 1859 1024 1926 lon·
1073 1854 1214 1938 cordia,
1240 1867 1276 1922 et
1290 1855 1491 1924 animorum
1509 1857 1770 1944 coniunctioin
1785 1857 1882 1948 Deo,
1903 1863 1993 1934 sicut
2008 1862 2071 1934 Fi·

56 1973 117 2040 pun
131 1968 175 2023 est
184 1949 229 2048 ¹⁰)
245 1957 382 2040 dicere,
406 1971 442 2028 et
457 1981 531 2026 non
547 1970 597 2026 est
614 1953 861 2045 ἐπιστολικὸν,
877 1973 918 2031 ut
934 1954 1023 2028 Ari·
1075 1955 1144 2024 lius
1166 1952 1234 2023 Dei
1258 1956 1295 2024 in
1317 1979 1429 2046 agone
1451 1975 1516 2028 suo
1538 1973 1720 2050 precatur,
1747 1973 1788 2030 ut
1809 1958 1915 2034 Pater
1936 1980 2071 2038 mentes

56 2051 169 2124 stoleles
184 2058 300 2127 dicere
320 2059 474 2144 solebat,
501 2061 560 2128 sed
584 2072 701 2129 tamen
726 2061 962 2132 dissensiones
988 2075 1023 2134 et
1073 2057 1234 2127 omnium
1250 2057 1289 2126 in
1304 2054 1461 2128 Ecclesia
1476 2060 1636 2150 copulet»
1660 2075 1701 2132 ul
1716 2086 1829 2132 unum
1846 2064 1919 2136 sint
1933 2065 1972 2134 in
1982 2063 2071 2142 Deo.

53 2154 272 2228 dissimilitudo
316 2156 552 2232 Ecclesiamm
597 2173 797 2232 nostrarum
837 2164 1021 2234 videretur
1074 2155 1309 2232 Benevalete.
1364 2160 1423 2236 16.
1438 2158 1678 2254 April'Anuo
1699 2161 1810 2238 1549.

54 2251 224 2357 ipoppri¹¹)
246 2261 362 2330 scrisse
379 2263 694 2366 gubernatoribus,
721 2278 760 2336 ut
783 2289 912 2334 novam
938 2287 1024 2334 nor-

57 2377 382 2454 naupropouerent.

127 2460 169 2534 Ut
191 2465 307 2555 igitur
321 2465 414 2534 clare
429 2466 525 2536 cerni
544 2467 671 2558 possit,
697 2491 764 2538 nos
789 2491 864 2538 non
884 2467 1024 2561 cupidi·
1072 2511 1127 2583 No
1157 2507 1259 2585 45¹7

58 2571 104 2628 tate
114 2563 302 2652 libertatis,
329 2591 401 2640 non
420 2569 538 2640 studio
554 2570 739 2650 novitatis,
760 2593 834 2640 non
850 2571 934 2640 odio
951 2571 1025 2640 dis-
1081 2565 1271 2640 „0'2-0'

57 2663 139 2734 sidere
156 2671 198 2738 ab
216 2669 453 2752 adversariis,
477 2672 522 2740 de
540 2668 678 2762 magnis
697 2673 803 2742 rebus
816 2693 1025 2762 pugnamus,
1127 2717 1136 2723 -
1410 2713 1450 2802 G
1515 2713 1663 2802 Μῦν.
1697 2717 1706 2737 ·

61 2760 219 2860 inquibus
253 2772 438 2842 evidentia
470 2773 627 2842 veritatis
660 2773 841 2843 convincit
866 2776 1024 2845 saniores
1451 2741 1489 2802 θ’
1645 2744 1745 2804 '⁶²⁰‘

60 2867 130 2935 etiam
150 2873 241 2944 inter
264 2873 445 2942 inimicos.
507 2871 547 2943 ld
572 2873 769 2944 iudicamus
788 2875 913 2946 utilius
938 2899 1024 2962 esse,
1142 2874 1902 2952 iffitwtfltfflfl⁰⁰⁶¹·²⁵¹¹⁸V·‘r·¹⁰·‘lt⁸⁰¹3t¹⁸·

55 2989 131 3058 otum
145 2976 185 3043 de
202 2975 336 3044 vestitu
358 2989 471 3044 autre
495 2976 603 3044 simili
619 2977 746 3062 rixari,
772 2977 836 3046 ubi
849 2977 1024 3069 sapientes

1925 2525 2073 2644 ecee

1073 3029 1279 3130 Georgia
1318 3029 1569 3118 Fabricio,
1610 3027 1884 3130 (Gubernatori
1913 3033 2072 3112 Schotae

53 3067 222 3160 clamitant,
249 3101 320 3145 nos
340 3089 477 3146 tantum
499 3077 605 3148 stulta
619 3078 822 3150 morositate
839 3103 878 3150 ac
895 3093 1024 3149 contu·
1069 3133 1073 3140 .
1448 3129 1676 3233 Mismmis)

51 3175 135 3242 uscia
170 3179 352 3249 adversari
386 3180 702 3270 gubernatoribus,
739 3180 832 3250 alere
866 3177 1023 3262 dissidia,
1687 3193 1698 3224 ⁹

49 3273 194 3352 attrahere
209 3283 416 3373 peregrinas
434 3294 566 3371 gentes.
616 3281 720 3354 Talia
735 3281 847 3353 multa
863 3307 942 3354 cum
960 3307 1024 3354 au·
1073 3269 1120 3358 S.
1142 3279 1187 3353 D.
1232 3281 1274 3354 ln
1292 3277 1577 3376 Argonautico¹)
1602 3283 1721 3378 inquit
1742 3285 1874 3359 Triton
1899 3287 1942 3360 ad
1971 3289 2073 3381 prin·

49 3373 177 3464 dianus,
192 3383 333 3476 opponi
349 3407 421 3452 non
438 3383 531 3452 leves
546 3407 666 3455 causas
682 3407 819 3454 necesse
837 3409 921 3459 esse.
948 3383 1024 3456 Vo-
1073 3387 1183 3479 cipes:

48 3475 89 3544 bis
104 3479 135 3548 in
150 3486 331 3556 auditorio
347 3499 463 3554 vestro
479 3487 597 3555 omnia
615 3487 772 3556 faciliora
786 3499 887 3572 sunt,
914 3499 948 3558 et
963 3511 1024 3556 ve·
1114 3515 1141 3580 ,a
1162 3513 1199 3580 gg
1216 3537 1246 3578 u
1267 3513 1358 3597 vis&
1379 3507 1499 3596 πόρους
1518 3510 1645 3590 μαίεσθ’
1669 3511 1761 3596 5255,
1783 3511 1835 3580 ,m
1855 3539 1888 3582 ῃ
1910 3517 2010 3584 „oua

48 3591 133 3650 stram
156 3585 355 3656 libertatem
380 3588 482 3656 vobis
503 3589 731 3676 gratulamur.
790 3587 939 3681 Semper
960 3614 1023 3659 au·
1115 3599 1280 3683 ἄνθρωποι
1299 3597 1463 3684 χατέουσιν
1484 3595 1530 3662 du'
1553 3595 1718 3686 ἀλλοδαπῇ
1740 3599 1927 3690 περόωντες,
2025 3679 2030 3688 1

37 3681 100 3750 'leur
113 3685 225 3780 aliqua
243 3701 298 3758 est
306 3683 482 3758 Ecclesiae
497 3689 663 3776 servitus,
680 3690 767 3761 alibi
781 3690 920 3776 mitior,
935 3691 1023 3761 alibi
1114 3683 1233 3770 ereata.

46 3781 169 3868 durior,
194 3815 232 3862 ac
254 3789 362 3859 leniri
385 3815 571 3861 aerrrmnas
586 3793 766 3862 servitutis
781 3793 1024 3864 consolatione
1175 3805 1273 3892 Scis,
1299 3800 1385 3875 haec
1400 3803 1515 3875 officia
1532 3797 1734 3897 hospitibus
1750 3820 1848 3900 grata
1865 3829 1948 3900 esse.
1982 3805 2073 3878 Cum

46 3899 139 3956 '²th
170 3891 290 3972 decet,
327 3917 400 3962 ¹¹0ss
434 3894 554 3984 augeri
587 3894 904 3980 condemnatione,
937 3896 1023 3965 dum
1072 3909 1181 4000 igitur
1203 3902 1263 3978 hic
1286 3901 1471 4002 Georgius
1495 3901 1709 3993 Eccardus,
1749 3909 1805 3980 cui
1828 3903 1920 3978 hanc
1941 3910 2074 3998 episto·

44 3983 295 4064 fundamentum
305 3989 354 4094 ¹¹)
370 4009 540 4070 tenemus·
1072 4013 1143 4081 lam
1158 4009 1241 4080 dedi
1255 4009 1491 4102 proficiscenti
1505 4009 1684 4080 ad'virum
1698 4009 1929 4080 clarissimum
1939 4003 1990 4081 L.
2000 4003 2073 4080 Co-

127 4091 366 4165 Cssnffll'dlflm
403 4098 511 4188 igliur
546 4097 639 4169 5⁰1⁰?
672 4119 757 4182 ¹¹⁰⁸,
796 4111 829 4168 θῑ
862 4111 1023 4168 mulum
1072 4106 1420 4197 merslndium,non
1436 4111 1543 4197 sciat,
1570 4113 1635 4182 ubi
1650 4113 1715 4182 sita
1730 4105 1936 4206 εἰῑῆκώμη
1950 4105 2073 4182 Chat-

45 4189 311 4268 benevolentiam
326 4213 502 4286 tueamur,
518 4225 563 4269 ne
577 4199 755 4270 invocatio
773 4199 810 4268 in
828 4200 944 4284 nohis,
962 4212 1023 4269 aut
1073 4209 1243 4306 cariffi),
1275 4213 1381 4294 iussi,
1416 4227 1457 4284 ut
1478 4235 1497 4283 a
1520 4225 1843 4283 remonstratorern
1869 4213 1947 4282 viae
1964 4227 2072 4306 petat.

45 4287 75 4358 ln
87 4301 212 4388 populo
228 4299 406 4384 turbetur,
432 4323 521 4369 neve
539 4303 654 4373 tristes
668 4313 703 4370 et
720 4303 938 4394 perniciosae
955 4303 1023 4372 du·
1073 4317 1154 4408 Qua
1169 4317 1207 4387 ῑῃ
1224 4341 1263 4386 re
1282 4339 1356 4384 non
1372 4315 1490 4383 deesse
1505 4309 1644 4383 homini
1667 4315 1851 4404 peregrino
1874 4315 1973 4405 pium
1993 4315 2072 4385 oifi.

43 4389 214 4470 bitationes
236 4401 400 4474 oriantur
421 4404 745 4496 exquaestiouibus
767 4427 840 4472 non
864 4425 1023 4474 necessa·
1071 4421 1165 4490 cium
1186 4431 1247 4489 aaa,
1299 4415 1347 4486 Et
1371 4411 1428 4484 hie
1452 4413 1628 4503 Georgius
1654 4437 1696 4483 eo
1718 4414 1807 4486 istnc
1828 4415 2002 4502 mittitur,
2031 4429 2073 4488 ut

42 4493 108 4580 riis,
131 4515 170 4572 ut
193 4503 281 4572 olim
305 4505 349 4572 de
365 4498 535 4576 Paschate
555 4507 692 4594 accidit.
745 4502 802 4574 llli
826 4506 956 4600 quibus
982 4529 1021 4575 ea
1071 4519 1265 4594 Ecclesiam
1282 4519 1321 4588 ia
1337 4517 1397 4585 illa
1414 4509 1585 4586 Chalcide
1600 4517 1735 4588 doceat.

43 4593 172 4672 libertas
185 4605 308 4674 minus
328 4607 495 4696 impedita
512 4622 582 4692 est,
608 4621 712 4698 agant
725 4603 801 4677 Deo
818 4609 964 4697 gratias,
988 4621 1022 4678 et
1171 4621 1259 4712 Legi
1281 4639 1422 4712 carmen
1445 4609 1699 4707 epithalamion
1720 4629 1842 4686 nostro
1859 4615 1993 4696 amico,
2015 4616 2077 4684 vi-'

42 4697 88 4784 pie
100 4719 244 4776 utantur
265 4731 304 4775 ea
320 4709 363 4776 ad
383 4709 628 4779 illustrandam
646 4711 861 4795 doctrinam,
885 4733 951 4778 nec
965 4709 1022 4778 di·
1072 4752 1112 4797 ΓΟ
1128 4725 1264 4816 optima
1282 4719 1473 4808 scriptam,
1500 4715 1537 4784 ia
1554 4741 1626 4812 qua
1641 4733 1676 4789 aa
1690 4730 1850 4788 amanter
1863 4715 1995 4786 mantio
2016 4717 2070 4787 sa.

41 4801 197 4892 sciplinae
219 4809 338 4878 frenos
361 4823 543 4900 propterea
567 4813 677 4900 magis
700 4811 828 4884 laxent.
880 4809 953 4881 Alii
983 4812 1021 4878 in
1071 4843 1124 4898 „aa
1147 4837 1200 4894 aar
1223 4820 1295 4892 mai
1315 4813 1532 4913 nominis'),
1592 4816 1742 4891 Gaudeo
1767 4817 1868 4889 istam
1892 4819 2070 4910 publicam

40 4905 195 4977 servitute
218 4925 408 4998 agnoscant
431 4913 593 4999 castigari
615 4935 679 4982 nos
696 4911 889 4992 divinitus,
911 4925 945 4982 et
961 4935 1023 4980 ve-
1071 4967 1296 4992 ,,.........

39 5022 103 5074 ram
116 5004 183 5078 Dei
204 5011 466 5084 invocationem
481 5015 657 5106 corrumpi
679 5037 754 5084 non
777 5015 913 5100 sinant,
932 5012 1023 5084 sieut
1105 5069 1135 5140 g)
1154 5067 1230 5122 Tm·
1242 5062 1324 5136 prim.
1337 5071 1363 5118 et
1375 5061 1439 5120 esu.
1450 5059 1518 5116 Rev.
1531 5068 1672 5116 mm·

36 5181 254 5210 ·----
1106 5162 1133 5228 1)
1154 5154 1202 5210 Est
1217 5153 1295 5209 locus
1308 5149 1337 5206 in
1349 5147 1491 5223 Apollonii
1506 5145 1606 5201 Rhodii
1619 5143 1810 5218 Argonauticls
1823 5143 1873 5200 lib.
1890 5143 1938 5202 Ν.
1951 5145 2017 5200 1656
2027 5164 2068 5218 sq.

57 5267 83 5337 9)
100 5271 172 5328 Tm·
184 5291 220 5344 Pr
229 5279 279 5338 in.
294 5291 321 5336 et
333 5281 396 5342 eod·
411 5281 480 5338 Bre-
497 5283 648 5340 serratum
1009 5312 1015 5324 ,
1105 5231 1593 5378 ἣνξῖῧιὼςζξρῗξὶῃπῇἱΡῗὲᾎ
1602 5230 1658 5368 ,ἤδη
1665 5229 1805 5356 ffiissu'
1839 5227 1888 5284 ὓῑ
1902 5229 2067 5286 vrllsKatt·

58 5353 97 5420 ¹⁰)
117 5353 201 5412 ΡΜ·
228 5375 311 5420 esset.
1107 5395 1138 5464 β)
1157 5391 1205 5445 Eat
1227 5385 1421 5460 epithalamion
1448 5403 1464 5438 s
1492 5383 1529 5438 G.
1550 5381 1676 5438 Fabricio
1698 5380 1903 5450 „walramo
1927 5377 2067 5452 Mesenen,

60 5441 102 5506 ¹¹)
119 5443 195 5502 Te⁸¹·
207 5449 298 5518 urio·
313 5451 589 5526 videnturdaoeaet
1143 5459 1266 5523 asara,
1289 5465 1317 5510 a
1338 5451 1516 5524 marianna
1534 5445 1692 5519 altessera,
1719 5467 1791 5504 ,aaa
1813 5439 2004 5506 mnxux.
2022 5447 2069 5506 at.

61 5525 100 5588 ¹2)
116 5525 192 5586 Tere.
206 5533 294 5602 paim,
301 5533 505 5604 sumamma,
807 5559 817 5576 a
1146 5531 1187 5586 ιθ.
1200 5523 1362 5582 retrosur'
1379 5521 1528 5594 seriptum,
1544 5521 1619 5594 qnod
1640 5519 1739 5592 legitur
1756 5517 1785 5572 is
1804 5515 1912 5573 libellos
1927 5513 2067 5589 „Georgii

34 5593 206 5674 haesere.
237 5611 342 5680 om.
368 5613 454 5686 Vos.
481 5613 558 5686 Vll.
847 5611 853 5620 ’
1856 5647 1859 5652 ’
