4592 6218
14 365 130 443 789·
594 353 1026 440 EPlSTOLARUM
1075 353 1290 435 LlB.Xll.
1343 355 1475 436 1651.
1991 366 2066 438 790

16 537 210 614 Nodum.
847 533 1002 608 13-Maii·
1066 525 1263 602 Nesaee.
1895 537 2067 660 {RQ

23 635 193 664 Μ
834 621 1248 657 &mm

326 719 393 804 Io.
422 717 706 803 Marbnclrio.
1383 715 1451 801 Io.
1483 717 1747 804 Mottbesio.

87 899 162 954 Edita
175 899 204 952 in
216 896 259 951 ln.
274 897 367 952 Feebt.
385 893 446 948 bist.
458 891 556 985 eccles.
569 907 626 948 see.
643 889 683 945 16.
698 888 880 962 supplement.
899 905 926 958 p.
938 885 983 942 28.
1137 885 1220 958 Epist.
1237 886 1284 944 lib.
1299 887 1333 942 ll.
1353 905 1379 960 p.
1389 887 1433 941 60.
1454 889 1529 958 (edit.
1545 889 1637 946 Lond.
1656 889 1704 948 lib.
1719 891 1754 946 ll.
1774 911 1815 968 ep.
1828 895 1893 967 lb).

253 1046 466 1125 Iohanni
490 1039 784 1119 Martacbio
1275 1039 1329 1118 D.
1355 1039 1570 1116 Iohanni
1590 1042 1860 1124 Maithesio

15 1195 67 1282 S.
95 1207 139 1278 D.
186 1205 251 1278 Dei
268 1197 384 1274 adhuc
397 1197 568 1268 beneficio
584 1195 621 1264 in
637 1189 804 1264 Ecclesiis
817 1187 945 1262 barum
960 1214 1018 1260 re-
1070 1176 1118 1264 S.
1143 1185 1190 1262 D.
1240 1185 1449 1260 Reverendo
1470 1191 1573 1264 viret
1595 1190 1799 1270 charissime
1820 1203 1946 1289 irater,
1971 1205 2064 1280 Dul-

15 1313 165 1400 gionum
188 1297 394 1380 dtavdaaa
415 1314 520 1384 suut,
545 1311 581 1370 et
601 1311 641 1368 ut
660 1297 829 1366 diuturna
851 1293 939 1377 sint,
964 1293 1017 1362 ia·
1070 1291 1249 1362 tissimum
1267 1315 1408 1361 versum
1424 1287 1626 1390 Euripidis
1641 1321 1743 1392 saepe
1763 1325 1897 1399 usurpo
1916 1309 1960 1378 de
1974 1311 2064 1380 emi·

15 1414 89 1485 ciat
112 1411 205 1480 filius
232 1406 311 1478 Dei.
362 1403 420 1473 De
444 1399 569 1470 vestris
592 1423 611 1467 a
640 1411 675 1467 te
698 1397 835 1489 aliquid
858 1405 1017 1482 exspecto
1069 1393 1119 1462 cis
1136 1392 1308 1480 cogitans:

13 1515 213 1585 literarum.
259 1506 416 1578 Salutem
433 1515 517 1593 opto
533 1498 634 1568 vobis
649 1499 829 1583 omnibus,
851 1517 1016 1564 reveren·
1196 1505 1239 1578 dc
1260 1502 1375 1586 ὄμματ’
1400 1503 1489 1574 sicori
1510 1506 1626 1594 ἀνδρὸς
1646 1512 1813 1596 εἷσβλίπειν
1832 1520 1936 1602 plexi.

14 1617 65 1684 do
83 1611 128 1686 D·
144 1605 321 1692 Hssdt'Om',
345 1603 451 1676 Dom·
469 1595 799 1679 [⁰⁶⁰b03111rml'02
826 1611 860 1666 el
877 1591 1020 1714 Ῑθῦωξῖ
1069 1609 1142 1682 Nec
1158 1625 1237 1701 post
1253 1614 1419 1682 coelestes
1434 1617 1692 1690 consolationes
1709 1622 1775 1692 alia
1796 1649 1851 1694 res
1868 1623 1956 1697 mibi
1975 1629 2063 1705 lenit

12 1713 197 1785 Stnrmio.
247 1709 351 1782 Nunc
379 1705 475 1776 enim
506 1703 607 1794 plura
633 1701 786 1770 scribere
809 1721 884 1768 non
907 1710 1017 1790 polut-
1070 1726 1249 1806 utcunque
1269 1714 1428 1800 dolores,
1453 1716 1523 1786 nisi
1541 1719 1739 1808 sapieniam
1761 1727 1955 1799 amicorum
1977 1757 2063 1803 con-

12 1816 116 1886 Bene
132 1815 226 1899 vale,
251 1811 308 1880 die
329 1809 389 1883 13.
404 1805 497 1877 Maii
514 1799 623 1875 1651.
1014 1872 1022 1888 ,
1071 1835 1223 1904 gressus:
1264 1811 1318 1884 Te
1340 1815 1448 1904 igitur
1468 1819 1652 1890 considero
1676 1835 1711 1892 et
1734 1841 1886 1916 expecto.
1945 1829 1992 1903 Et
2017 1839 2062 1905 de

536 1915 725 2009 Philippus
742 1907 968 1985 Melanthea.
1072 1915 1193 1984 multis
1215 1917 1351 2002 magnis
1376 1919 1482 1988 rebus
1506 1920 1662 2016 colloqui
1685 1947 1876 2020 nosquam
1906 1933 2062 2020 primum

1072 2017 1188 2084 velim.
1239 2013 1354 2088 Aiunt
1373 2011 1590 2090 Tridentum
1612 2025 1749 2094 venisse
1763 2026 1837 2096 Cal.
1854 2029 1943 2101 Maii
1963 2031 2062 2106 Pon-

1072 2117 1404 2206 tificiumlcgatum,
1432 2135 1464 2190 et
1479 2117 1636 2197 Caesaris
1653 2123 1853 2214 Oratorem,
1876 2149 1909 2202 et
1923 2157 2062 2206 sacrum

10 2289 48 2362 N
102 2283 203 2360 489⁷
844 2285 888 2345 ¹7
918 2273 994 2336 Maii
1073 2217 1253 2308 publicum
1277 2221 1408 2288 sactrrm
1434 2245 1506 2290 esse
1531 2227 1574 2292 ad
1605 2223 1842 2299 inchoandam
1866 2231 2064 2327 Synodmn,

22 2315 217 2415 gx·
838 2317 1010 2393 ..ἐς
1072 2320 1131 2386 sed
1148 2318 1455 2401 deliberationem,
1479 2345 1541 2392 seu
1559 2337 1597 2394 ut
1611 2341 1748 2412 vocam,
1772 2335 1961 2404 sessionem
1979 2341 2063 2408 nul-

248 2465 372 2550 Πίον.
402 2457 790 2567 Βααῃιὲανίηενο.
1073 2421 1142 2488 lam
1164 2418 1318 2536 loturam
1337 2443 1410 2490 esse
1426 2437 1506 2494 ante
1525 2422 1778 2517 Septembrem.
1832 2432 1937 2506 Tunc
1955 2441 2065 2527 igitur

1073 2522 1301 2592 transrlnmus
1326 2517 1458 2618 Alpes,
1485 2549 1555 2618 quo
1581 2539 1736 2618 tempore
1758 2547 1794 2602 et
1816 2531 1988 2606 Annibal
2007 2565 2064 2610 eas

87 2642 164 2712 ψει
181 2635 348 2710 cirographo
366 2629 550 2688 melanthion
568 2629 596 2682 in
615 2626 678 2684 cod.
694 2625 808 2684 Monac.
823 2623 845 2681 1.
863 2643 890 2698 p.
902 2623 965 2680 270.
1073 2621 1222 2694 transiit.
1273 2619 1388 2692 Aiunt
1408 2637 1442 2696 et
1462 2621 1596 2714 Regem
1612 2621 1804 2718 Gallicam
1821 2636 1911 2705 velle
1926 2641 2065 2714 mittere

1073 2723 1202 2810 legatos
1217 2723 1260 2792 ad
1279 2747 1354 2792 eam
1368 2727 1555 2818 synodum.
1605 2725 1683 2820 Ego
1707 2735 1876 2824 scriptum
1892 2741 2064 2813 adornavi

1072 2825 1208 2916 synodo
1230 2819 1485 2910 exhibendum,
1511 2832 1606 2920 quod
1626 2825 1684 2902 hic
1703 2835 1851 2910 videbis.
1902 2837 1956 2909 De
1971 2845 2065 2914 'con-

1073 2939 1180 2994 ventu
1206 2920 1474 3018 Nnoburgensi
1500 2924 1593 2996 nibil
1621 2933 1708 3004 certi
1738 2933 1855 3007 adlmc
1883 2935 2064 3021 babemus.

1072 3023 1204 3096 Filium
1220 3026 1291 3094 Dei
1305 3051 1381 3111 oro,
1402 3042 1443 3098 ut
1457 3031 1517 3099 dct
1530 3033 1796 3130 καταστροφὴν
1810 3039 1983 3130 placidam
2001 3047 2064 3114 de-

1074 3126 1342 3196 liberationibus
1374 3129 1449 3197 eius
1484 3146 1696 3217 conventus,
1733 3140 1777 3208 de
1810 3165 1880 3234 quo
1907 3143 2063 3216 fortassis

14 3243 71 3334 S.
99 3256 146 3329 D.
195 3251 278 3326 Scio
300 3262 335 3319 te
355 3267 422 3340 pro
445 3256 505 3314 tua
521 3238 691 3339 sapienb'a
712 3249 747 3306 et
763 3235 892 3328 pietate
906 3237 1018 3308 multa
1071 3227 1173 3298 citius
1195 3228 1271 3296 istic
1288 3229 1408 3298 audies
1428 3243 1538 3300 totam
1561 3227 1763 3324 historiam,
1789 3265 1895 3332 quam
1916 3269 1981 3314 nos
1997 3271 2063 3317 au-

14 3359 235 3450 cogitantem
251 3355 295 3422 de
311 3346 463 3418 miseriis
482 3339 631 3411 humani
651 3339 804 3429 generis,
830 3337 932 3407 valde
954 3341 1019 3410 ad·
1071 3329 1218 3402 diemus.
1270 3329 1378 3400 Mitto
1393 3331 1460 3402 tibi
1477 3333 1661 3422 pagellam,
1686 3341 1770 3430 quia
1785 3343 1889 3412 aliam
1906 3369 2002 3416 nunc
2016 3349 2063 3418 ad

13 3462 77 3532 fici
102 3461 142 3527 in
165 3450 423 3525 calamitatibus
445 3441 634 3514 hominum
659 3463 733 3509 non
756 3439 1017 3514 sceleratorum.
1069 3453 1213 3498 manum
1237 3452 1310 3497 non
1333 3426 1519 3502 habebam.
1569 3433 1646 3524 Ego
1668 3440 1788 3510 miultis
1806 3445 1941 3532 magnis
1958 3449 2061 3517 dolo.

12 3560 70 3634 Et
85 3561 213 3628 misera
228 3553 377 3635 mulier,
402 3547 531 3618 coniux
545 3533 906 3614 DuctorisLeonnrti
919 3537 1016 3610 Stet·
1069 3531 1168 3599 ribus
1197 3531 1432 3605 excruciabar.
1491 3530 1726 3610 Commendas
1751 3555 1784 3610 et
1805 3539 1997 3616 Ecclesiam
2027 3563 2061 3620 ct

14 3661 105 3732 neri
122 3675 181 3730 tua
196 3653 364 3728 beneficia
380 3651 576 3742 lacrymans
591 3643 781 3736 praedicat.
825 3640 1016 3730 Quomodo
1071 3627 1221 3722 hospitia
1242 3631 1318 3700 eius
1338 3645 1373 3702 et
1394 3655 1460 3702 nos
1481 3631 1574 3704 Filio
1596 3634 1673 3712 Dei.
1735 3639 1832 3714 Bene
1857 3659 1892 3716 ct
1912 3647 2062 3722 feliciter

16 3769 52 3835 ei
67 3759 209 3833 consuli
225 3755 351 3849 possit,
374 3771 454 3823 cum
469 3747 578 3817 multa
595 3758 725 3816 tentata
740 3744 828 3824 sint,
853 3742 1017 3811 invenire
1071 3733 1165 3817 Vale,
1189 3732 1327 3804 diaeo.
1344 3731 1444 3803 Μᾶἱῖ·

15 3889 95 3936 non
123 3859 234 3954 potui.
285 3855 436 3926 Senatus
462 3849 587 3942 oppidi
614 3845 726 3915 nostri
755 3843 948 3936 promittit,
981 3865 1017 3912 se

13 3971 193 4037 (lucentcs
210 3979 335 4029 aureos
357 3955 547 4024 missurum
563 3969 636 4018 esse
652 3949 691 4015 in
707 3959 897 4026 autumno,
919 3957 960 4013 ut
975 3967 1015 4012 ex
1070 3950 2057 3984 -—-----———-----.....„

13 4065 136 4140 literis
169 4061 320 4134 Senatus
346 4054 532 4142 intelliges.
601 4047 813 4120 Academiae
842 4047 1015 4113 aerarium
1088 4115 1100 4144 ἲ

12 4173 130 4240 inane
150 4177 212 4236 est.
263 4160 333 4231 Sed
356 4153 423 4226 hoc
439 4155 591 4244 egimus,
616 4145 834 4216 Ambrosias
851 4149 1016 4214 venditu·
1071 4115 1264 4240 ΜΨ·

13 4296 101 4342 rum
123 4291 159 4336 se
176 4287 248 4333 esse
263 4262 401 4332 vineam
420 4256 521 4338 dicit,
547 4275 616 4344 qua
633 4251 773 4319 vendita
793 4247 939 4317 Senatui
957 4271 1017 4314 ve-

12 4390 93 4444 stro
113 4365 251 4438 curabit
270 4359 447 4432 academia
468 4354 562 4424 mitti
584 4353 755 4421 ducentos
770 4371 905 4416 alarcos.
956 4345 1017 4416 ln-

13 4493 120 4546 terea
144 4489 298 4538 annuam
320 4459 526 4554 pensionem
550 4453 640 4523 solvi
664 4475 705 4521 ex
727 4449 904 4540 stipendio
928 4443 1017 4516 Am-
1138 4471 1223 4546 Epist.
1244 4469 1350 4527 rtuvt.
1369 4489 1395 4540 p.
1411 4471 1463 4526 178
1481 4491 1522 4544 sq.
1564 4473 1617 4530 uic
1634 4495 1664 4532 ,ι
1680 4478 1846 4550 ,pompm
1864 4481 1893 4536 ᾗ,
1911 4484 1973 4540 „g
1992 4486 2060 4544 M„

11 4567 145 4648 brosii
157 4567 367 4638 curabimus.
410 4557 488 4652 lpse
504 4555 648 4648 aliquod
664 4553 809 4621 miserae
826 4549 920 4623 dedi.
971 4545 1018 4618 Et
1173 4559 1235 4596 Μ·
1249 4541 1269 4598 ¹·
1291 4559 1317 4612 Ρ·
1333 4541 1390 4594 ¹⁶¹·

9 4682 149 4748 vincae
165 4667 405 4740 venditionem
419 4659 562 4748 urgebo.
605 4655 645 4726 Si
660 4655 791 4724 adesset
808 4651 881 4744 ipse
895 4651 1019 4720 doctor

10 4761 236 4850 Leandrius
257 4786 451 4860 sperarem,
478 4779 578 4850 posse
596 4779 677 4824 eum
693 4757 731 4824 in
751 4755 838 4824 urbe
851 4751 1017 4820 Budissin

9 4879 99 4954 beri
116 4872 318 4968 syndicum,
344 4881 546 4958 quanquam
561 4857 634 4926 eius
649 4855 834 4925 morositas
848 4853 1018 4923 formida-

11 5003 93 5055 tur.
143 4973 223 5044 Non
238 4969 339 5064 potui
353 4967 455 5060 plura
469 4983 552 5052 prae
566 4957 689 5026 dolore
704 4957 867 5028 scribere.
908 4949 1020 5024 Sibis
1073 4935 1120 5023 S.
1141 4948 1187 5020 D.
1241 4945 1288 5018 Ut
1310 4947 1346 5014 in
1367 4941 1508 5039 Repub.
1535 4945 1651 5020 Attica
1681 4953 1792 5022 multo
1821 4957 1941 5048 plures
1963 4976 2063 5034 erant

13 5077 159 5156 nostris
174 5067 467 5168 prornissionibus
484 5059 590 5130 leniri
607 5059 681 5128 cius
696 5057 875 5127 calamitas
895 5067 1020 5146 potest,
1074 5051 1259 5122 conciones
1277 5049 1419 5116 inutiles
1434 5063 1468 5119 ct
1484 5065 1618 5120 tanturn
1633 5055 1975 5156 πολυπραγμοσύνῃ
1998 5059 2064 5134 ho-

13 5203 158 5283 quaeso
174 5189 212 5247 ut
225 5169 416 5253 annitaris,
442 5187 524 5236 cum
539 5159 682 5255 quidem
700 5160 825 5240 sciam,
851 5173 886 5227 te
900 5155 1019 5223 omnia
1075 5155 1211 5222 minum
1242 5149 1482 5244 inquietorum
1512 5167 1739 5238 convocatae,
1769 5181 1874 5248 quam
1901 5165 2004 5232 mile,
2031 5179 2066 5234 ,t

14 5279 211 5384 possibilia
236 5277 275 5344 in
296 5297 336 5344 re
355 5283 453 5341 tanta
478 5277 625 5336 tentare.
674 5257 772 5328 Bene
793 5269 829 5326 et
848 5255 1021 5328 foeliciter
1074 5255 1257 5322 salutares:
1284 5251 1332 5344 ita
1348 5251 1386 5318 in
1401 5245 1556 5320 Ecclesia
1573 5251 1639 5324 Dei
1656 5277 1784 5343 paucae
1799 5257 1916 5330 felices
1929 5263 2065 5358 Synodi

12 5387 127 5460 Vale.
165 5379 222 5449 dic
245 5375 302 5450 17.
318 5371 418 5444 Maii.
1074 5357 1231 5436 fuerunt,
1248 5351 1421 5443 plurimae
1433 5377 1516 5422 vero
1530 5353 1664 5424 maiora
1679 5357 1845 5430 incendia
1861 5363 2066 5435 excitarunt,

772 5453 970 5550 Philippus.
1076 5451 1211 5525 Interea
1229 5467 1344 5524 tamen
1357 5449 1456 5628 glgps
1472 5478 1535 5526 sua
1551 5454 1722 5528 immensa
1737 5457 1896 5533 bonitate
1910 5476 1944 5534 et
1958 5465 2066 5534 colle-

22 2125 952 2164 ..ff-...mm

10 2801 181 2878 Clariss.
213 2795 309 2876 viro,
344 2783 563 2890 prudentia,
597 2779 799 2856 eruditione
829 2792 861 2852 et
891 2783 1020 2856 virtute

8 2901 246 3006 praestanti,
275 2893 330 2968 D.
353 2889 643 3004 Hieronymo
664 2882 1020 3002 Bomgnrtnero,

10 3001 197 3080 Senatori
218 2997 320 3072 urbis
343 2989 504 3088 inclytae
523 2985 776 3106 {verebagan
807 3010 927 3058 omrco
951 3010 1019 3058 sao

461 3114 589 3166 carrss.

1323 4298 1380 4382 H.
1410 4297 1797 4418 Baampurtncro.

1072 4691 1230 4769 Clariss.
1265 4695 1342 4764 viro
1368 4735 1415 4752 -
1445 4733 1496 4752 -
1528 4695 1581 4772 D.
1612 4697 1891 4798 Hieronymo
1923 4704 2060 4779 Bom-

1119 4807 1363 4895 gnrtnero‚
1388 4793 1565 4870 Senatori
1585 4797 1745 4896 inclytae
1763 4805 1864 4876 urbis
1877 4803 2011 4884 Norib.
