4624 6216
239 317 313 394 868
805 302 1245 384 setsrouatttttu
1295 304 1406 389 LlB.
1430 306 1516 384 XII.
1567 307 1700 387 1⁶51.
2165 315 2211 390 tat
2272 233 2273 252 ¹

242 511 302 558 mo
317 487 416 558 fonte
430 481 639 576 sapientiae,
664 477 769 549 audit'
777 474 910 550 Filium
925 475 1013 564 Dei,
1037 475 1233 574 Prophetas
1284 483 1377 566 lore,
1400 481 1536 573 inquit,
1560 475 1691 554 Iasius
1706 501 1744 550 es
1760 475 1941 568 Domine,
1965 490 1997 554 et
2014 489 2126 553 rectam
2144 481 2215 555 iadi-

243 603 278 660 et
301 583 511 680 Apostolos,
544 597 578 654 et
598 579 829 651 inenarrabili
852 580 985 652 laetitia
1006 579 1083 652 Deo
1104 581 1234 672 gratias
1286 579 1380 654 cium
1395 589 1508 652 luem.
1845 611 1855 622 ·

244 690 331 778 agit,
345 690 440 783 quod
456 687 524 756 cito
540 685 579 754 in
595 681 689 754 hunc
703 694 841 750 coetum
857 682 944 752 etin
960 675 1053 752 hanc
1068 677 1236 774 pulcher·
1386 682 1532 776 Semper
1548 683 1721 774 sapientes
1734 681 1852 752 mirati
1870 697 1972 766 sunt,
1996 707 2057 754 cur
2068 688 2217 756 larunda

243 792 372 862 rimam
384 785 610 858 Academiam
634 785 807 852 abductus
831 783 895 868 sit,
920 785 964 852 de
984 807 1053 876 qua
1076 785 1236 874 cogitan-
1286 807 1535 856 aerumnarum
1551 799 1696 856 onerata
1718 783 1763 856 sit
1777 784 1955 854 imbecilla
1969 779 2136 855 bominum
2149 801 2219 856 natu·

244 908 297 965 tes
310 915 376 962 nos
392 911 533 983 quoque
549 909 630 955 mox
650 883 791 954 evolare
813 907 852 952 ex
868 877 937 952 boc
954 909 1091 955 carcere
1113 886 1236 954 malle-
1286 911 1337 956 ra.
1388 885 1456 956 Sed
1473 909 1558 967 nos,
1585 888 1647 979 qui
1664 887 1794 955 scimus
1808 908 1929 954 causas
1948 886 2109 955 divinitus
2128 890 2220 976 patria

245 1016 335 1066 mus.
1287 1003 1377 1072 ctas,
1408 989 1690 1078 obtemperemus
1711 986 1835 1055 divino
1860 986 2024 1072 consilio,
2056 1003 2086 1057 et
2112 991 2221 1057 remedia

345 1087 462 1178 Auget
486 1089 633 1159 fortasse
659 1086 822 1158 dolorem
849 1099 968 1170 tuum,
1003 1087 1167 1176 cogitatio
1192 1087 1235 1156 de
1288 1089 1460 1161 divinitus
1476 1103 1670 1158 monstrata
1690 1101 1884 1161 teneamus.
1936 1085 2030 1159 Haec
2053 1101 2153 1158 autem
2172 1113 2222 1156 cau

246 1193 355 1286 ipsius
378 1187 539 1280 ingenio,
571 1187 791 1268 eruditione,
825 1186 973 1267 virtute,
1007 1201 1041 1259 et
1073 1187 1235 1260 dulcissi-
1288 1191 1448 1280 colliges,
1481 1204 1516 1260 et
1538 1185 1607 1260 hoc
1625 1188 1860 1260 domesticum
1882 1190 2076 1282 exemplum
2098 1189 2152 1260 tihi
2171 1215 2223 1282 pro

245 1320 338 1364 mam
355 1292 433 1362 talis
450 1291 515 1359 lilii
532 1290 824 1378 consuetudinem
843 1289 1030 1358 desideras.
1081 1289 1151 1360 Sed
1168 1286 1236 1360 hoc
1286 1293 1424 1385 ponito.

245 1396 360 1487 ipsum
376 1395 483 1462 decus
505 1391 666 1459 minuere
684 1391 818 1459 luctum
840 1389 953 1458 debet.
1006 1389 1101 1478 Quia
1123 1403 1158 1461 et
1180 1385 1237 1460 bis
1389 1393 1428 1464 si
1441 1393 1583 1486 quando
1599 1403 1763 1461 evocatus
1777 1411 1917 1460 menses
1933 1390 2067 1484 aliquot
2086 1413 2226 1482 peragret

244 1495 438 1565 virtutibus
453 1492 520 1560 scis
537 1515 618 1561 eum
641 1490 679 1557 in
704 1487 772 1558 hoc
795 1489 893 1558 brevi
916 1491 1092 1562 curriculo
1115 1493 1237 1562 multis
1287 1493 1421 1564 familia
1450 1496 1532 1564 abes
1564 1495 1657 1584 apud
1686 1493 1849 1562 insuaves
1880 1484 2062 1576 homines,
2093 1491 2228 1561 leniuntur

245 1597 439 1690 proluisse,
464 1617 530 1662 nec
551 1592 658 1662 luisse
681 1591 914 1660 inutileonus
929 1605 1052 1664 terrae.
1103 1591 1238 1664 Vidisti
1288 1595 1448 1666 molestia
1472 1607 1508 1664 et
1532 1593 1747 1664 desiderium
1773 1615 1835 1683 spe
1860 1593 1997 1662 reditus
2018 1595 2062 1662 ad
2082 1606 2159 1662 tuos.
2196 1590 2228 1659 lta

245 1695 446 1768 testimonia
461 1693 602 1786 pietatis
618 1693 769 1761 lucentis
793 1692 831 1760 in
848 1691 940 1776 vita,
963 1707 998 1764 et
1014 1695 1053 1764 in
1069 1687 1136 1764 hoc
1153 1717 1237 1784 ago·
1288 1721 1386 1767 nunc
1411 1696 1625 1765 desiderium
1647 1696 1739 1764 ieras
1753 1693 1968 1778 modestius,
1990 1693 2072 1786 quia
2096 1695 2228 1786 aliquanto

246 1820 312 1884 ne,
338 1819 429 1891 quae
458 1795 690 1864 ostenderunt
712 1793 815 1862 initia
837 1794 995 1864 coelestis
1019 1795 1111 1864 vitae
1135 1796 1173 1864 in
1197 1820 1236 1864 ea
1287 1811 1369 1890 post
1390 1797 1428 1865 in
1448 1795 1509 1865 illa
1524 1791 1764 1888 pulcherrima
1786 1791 1976 1864 Academia
2002 1795 2134 1865 coelesti
2153 1793 2228 1861 filim

197 1956 204 1968 ,
246 1923 388 1972 accensa
404 1895 522 1976 luisse,
540 1909 574 1966 et
588 1889 682 1964 hanc
695 1894 769 1963 eius
783 1895 1030 1982 migrationem
1045 1897 1153 1965 luisse
1170 1897 1237 1966 iter
1289 1908 1411 1968 rursus
1434 1897 1698 1990 complecteris,
1723 1896 1924 1987 etquidem
1950 1909 2112 1966 ornatum
2135 1891 2229 1964 bonore

246 2003 289 2070 ad
316 1999 473 2068 coelestis
497 1993 675 2067 Ecclesiae
697 1997 1000 2069 cousuetudinem.
1052 1995 1128 2066 lmo
1146 2023 1237 2090 quo·
1288 1999 1544 2090 splendidiore,
1570 2023 1675 2090 quam
1692 2009 1775 2065 sunt
1790 1993 1828 2064 bi
1846 1999 1995 2084 gradus,
2020 1997 2167 2066 videlicet
2182 1995 2230 2063 luce

246 2101 311 2173 ties
331 2097 416 2169 haec
449 2099 515 2168 lilii
538 2111 743 2168 ornamenta
776 2097 962 2184 cogitabis,
995 2098 1124 2186 gratias
1158 2122 1238 2188 ages
1290 2102 1410 2171 divina
1452 2114 1486 2169 et
1529 2101 1738 2170 collocatum
1771 2097 1810 2166 in
1843 2119 1971 2186 agmen
2012 2093 2231 2190 Pmpbetarun,

245 2199 343 2282 Deo,
369 2201 430 2294 qui
452 2199 644 2269 declaravit
666 2220 703 2266 se
723 2209 756 2266 et
778 2197 844 2267 tibi
859 2211 894 2267 et
909 2197 977 2288 ipsi
993 2199 1130 2278 favere,
1157 2202 1236 2268 orto
1291 2198 1563 2292 Apostolorum,
1585 2214 1618 2268 et
1634 2213 1872 2284 caeterorum,
1897 2201 1961 2292 qui
1976 2200 2081 2270 laude
2097 2198 2231 2270 doctrinae

245 2299 332 2374 baec
353 2301 393 2369 in
408 2325 489 2370 eum
512 2299 663 2370 contulit
678 2321 845 2380 munera,
873 2323 962 2389 quae
986 2301 1057 2370 sint
1078 2301 1237 2370 omnium
1289 2304 1499 2374 floreaerunt.
1553 2299 1607 2370 lbi
1631 2325 1701 2370 arna
1724 2300 1850 2371 vivetis
1875 2300 1913 2368 in
1941 2303 2043 2370 omni
2068 2300 2232 2376 aeternitate

246 2426 394 2475 summa.
444 2398 509 2470 Est
523 2401 618 2470 enim
636 2413 751 2490 gratae
768 2401 916 2482 mentis,
932 2425 1004 2471 non
1019 2415 1158 2473 tautum
1174 2401 1238 2470 ad·
1288 2405 1443 2474 fruentes
1463 2415 1652 2493 conspectu
1665 2399 1751 2486 Dei,
1776 2417 1809 2472 et
1825 2401 2040 2472 dulcissimis
2062 2399 2233 2473 sermonibus

245 2529 362 2584 versa,
382 2501 443 2572 scd
461 2503 566 2572 etiarn
582 2501 748 2571 beneficia
762 2503 953 2575 recordari.
1289 2500 1443 2588 Christi,
1468 2498 1725 2594 Prophetarum
1740 2515 1774 2572 et
1789 2502 2057 2590 Apostolorum.
2105 2501 2233 2572 Hamae·

347 2602 438 2675 Cum
451 2602 560 2694 igitur
577 2603 686 2686 scias,
712 2617 746 2672 et
768 2604 943 2672 voluntati
966 2601 1033 2672 Dei
1056 2605 1239 2694 obtempe-
1290 2607 1489 2677 ternitatem
1515 2606 1716 2674 intueamur
1740 2603 1777 2672 in
1802 2599 1868 2672 bac
1890 2625 2100 2674 aerumnosa
2122 2599 2232 2696 peregri·

245 2708 398 2777 randum
415 2729 506 2785 esse,
531 2703 593 2797 qui
610 2703 708 2772 iubet
729 2705 907 2772 moderari
923 2705 1082 2790 dolores,
1104 2717 1139 2774 et
1163 2705 1238 2773 filio
1290 2707 1454 2792 natione,
1479 2719 1647 2798 tanquam
1670 2717 1819 2786 metam,
1845 2717 1879 2774 et
1900 2705 2031 2776 lortius
2050 2701 2233 2776 hasmiserias

245 2803 340 2877 nibil
360 2807 443 2875 mali
457 2805 622 2874 accidisse
637 2805 868 2874 iudicandum
882 2806 947 2890 sit,
972 2800 1102 2876 barum
1117 2829 1238 2875 causa-
1289 2809 1460 2891 ieramus,
1486 2808 1569 2899 quia
1591 2821 1625 2876 et
1647 2807 1754 2876 breve
1775 2805 1992 2876 curriculum
2011 2821 2082 2892 est,
2105 2822 2136 2877 et
2157 2807 2190 2874 ad
2208 2801 2233 2868 il

246 2933 327 2979 rum
339 2905 551 2998 cogitatione
568 2905 739 2996 paulatim
757 2919 791 2976 te
805 2907 948 2996 erigito,
964 2921 998 2976 et
1011 2909 1166 2978 moerori
1182 2931 1239 2975 re-
1278 2912 1360 2980 ›lam
1383 2909 1641 2992 aeternitatem,
1666 2907 1705 2976 in
1729 2929 1797 3000 qua
1822 2907 1995 2997 sapientia
2019 2922 2054 2980 et
2067 2907 2182 2977 iustitia
2194 2899 2234 2972 tto·

246 3021 415 3106 pugnato.
470 3001 660 3080 Moventur
674 3008 778 3076 etiam
794 3008 903 3076 animi
917 3003 1103 3078 hominum
1121 3033 1237 3078 exem·
1289 3013 1468 3096 fruemur,
1494 3033 1568 3080 uon
1584 3011 1629 3078 ad
1644 3008 1781 3097 fugacia
1795 3002 1902 3078 buius
1917 3007 2013 3080 vitae
2030 3011 2122 3080 bona
2143 3001 2235 3078 conditi

177 3177 182 3187 ,
244 3113 325 3206 plis.
379 3107 475 3199 Quia
488 3107 619 3179 iustum
636 3107 881 3194 videtur,non
898 3110 1062 3198 defugere
1078 3133 1238 3180 commu-
1291 3135 1424 3186 sumus.

246 3213 307 3282 nia
321 3235 445 3294 onera,
471 3233 558 3302 quae
576 3211 675 3302 quasi
689 3210 869 3280 communi
891 3211 960 3298 legi
976 3211 1095 3302 generi
1111 3207 1238 3280 huma-
1391 3211 1492 3302 Quae
1506 3235 1586 3280 cum
1603 3209 1671 3280 tibi
1684 3209 1762 3279 viro
1777 3211 1881 3280 docto
1907 3222 1941 3280 et
1966 3209 2068 3282 bono
2095 3223 2168 3280 uota
2187 3206 2236 3284 sill

246 3339 294 3383 no
323 3311 488 3403 imposita
509 3323 602 3381 sunt.
659 3308 803 3399 Quanto
831 3312 967 3382 tristius
1000 3313 1236 3406 spectaculum
1289 3315 1431 3384 brevius
1456 3313 1497 3383 ad
1522 3327 1556 3382 te
1579 3311 1722 3403 scripsi,
1748 3336 1788 3380 ac
1812 3307 1928 3382 Deum
1951 3336 2037 3398 oro,
2064 3326 2104 3383 ut
2123 3303 2236 3380 etauiui

245 3417 317 3484 laxit
337 3415 460 3506 primis
486 3411 692 3504 parentibus
715 3413 879 3482 interitus
895 3408 1004 3499 Abel,
1031 3439 1102 3509 quo
1127 3413 1238 3482 inter·
1289 3431 1323 3486 et
1357 3414 1514 3507 corporis
1548 3413 1639 3482 vires
1670 3412 1737 3483 tibi
1766 3427 1905 3500 augeat;
1955 3411 2152 3482 Meministi
2177 3407 2237 3476 enlm

246 3514 360 3602 lecto,
386 3515 490 3584 simul
509 3511 877 3583 videruntEcclesiam
894 3515 1031 3584 virilem
1048 3517 1086 3584 in
1106 3539 1168 3583 sua
1185 3515 1238 3582 la·
1289 3517 1444 3602 dictum,
1491 3510 1543 3586 In
1570 3512 1650 3610 ipso
1675 3535 1825 3600 sumam,
1857 3509 2015 3585 vivimus
2039 3523 2071 3584 el
2096 3525 2238 3584 movemur·

247 3617 345 3686 milia
363 3617 550 3685 extinctam
568 3638 655 3682 esse:
682 3614 827 3703 Quanto
844 3611 883 3683 hi
899 3617 1077 3710 graviores
1091 3616 1236 3686 dolendi
1291 3617 1391 3688 Vale.

247 3741 367 3788 causas
386 3711 587 3785 babuerunt
606 3715 644 3782 in
669 3715 730 3785 illa
755 3717 868 3806 prima
891 3717 1083 3786 solitudine
1101 3718 1237 3806 generis

246 3811 415 3899 humani,
446 3841 551 3908 quam
574 3838 657 3895 vos,
693 3817 756 3910 qui
778 3817 950 3912 reliquam
973 3813 1110 3888 habetis
1133 3819 1238 3886 fami-

247 3917 354 4000 liam,
379 3917 500 4009 inqua
516 3918 614 4005 sigua
631 3931 714 3987 sunt
737 3919 874 4008 pietatis
887 3944 959 3986 non
977 3919 1151 3989 obscura?
1191 3917 1239 3988 Et

248 4018 286 4088 iu
303 4017 375 4086 illis
391 4018 529 4107 gemina
547 4017 694 4090 vulnera
709 4020 865 4092 fuerunt.
916 4017 1007 4088 Nam
1027 4021 1155 4090 scelere
1170 4021 1238 4088 im-

247 4121 298 4212 pii
323 4121 443 4189 fratris
468 4118 579 4210 magis
613 4119 921 4202 excruciabantur,
954 4147 1060 4216 quam
1094 4122 1239 4192 alterius

247 4235 372 4291 morte.

1299 3817 2239 3849 mmm-*¹*

1301 3977 1508 4053 Nutaso.
2138 3979 2225 4050 Aba

1295 4077 1507 4114 sarva-„a
2111 4061 2235 4102 nan-³

1578 4167 1646 4251 M.
1665 4163 2001 4283 Meienbargio.
2037 4217 2043 4228 ·

348 4320 538 4390 Innumera
573 4321 730 4412 exempla
764 4347 805 4392 ex
839 4320 1002 4392 omnium
1036 4335 1239 4414 temporum
1361 4319 1447 4394 Elin·
1463 4318 1664 4392 lib-V·r·⁵⁹³
1680 4339 1721 4392 ⁸‘t-

248 4417 409 4492 historiis
443 4423 553 4511 repeti
580 4437 730 4510 possent.
795 4422 864 4494 Sed
899 4446 1017 4492 senem
1039 4419 1240 4518 *liabylam
1293 4467 1536 4544 Micham.
1560 4469 1909 4567 Meicnburgio’
1933 4461 2099 4543 consuli
2116 4453 2239 4542 Now·

249 4525 451 4616 episcopum
469 4517 734 4592 Antiochenam
757 4523 977 4610 intueamur,
1003 4527 1061 4596 cui
1084 4539 1153 4595 tres
1176 4523 1241 4592 filii

249 4648 269 4694 a
286 4623 458 4718 Tyranno
468 4620 587 4692 Decio
603 4625 768 4695 trucidati
785 4639 884 4709 sunt,
899 4651 979 4696 cum
993 4627 1138 4718 quidem
1151 4638 1243 4695 asta-

250 4739 328 4794 rent
344 4741 443 4817 pater
461 4739 496 4793 et
509 4741 638 4804 mater,
666 4749 730 4795 nec
753 4739 890 4796 tantum
918 4727 1030 4797 oculis
1053 4729 1243 4799 crudelita-
1295 4703 1341 4791 S·
1369 4717 1415 4793 D.
1465 4715 1723 4790 Honestissima!
1753 4721 1825 4808 vir,
1856 4735 1892 4792 et
1925 4721 2038 4790 amice
2076 4709 2239 4788 charissima

250 4840 321 4896 tem
350 4829 562 4919 aspicerent,
597 4830 658 4896 sed
681 4829 787 4896 ‘etiam
811 4829 1048 4898 adolescentes
1071 4853 1134 4900 sua
1156 4851 1242 4898 voce
1295 4821 1366 4892 Nec
1383 4821 1542 4914 querelas
1559 4824 1602 4890 de
1625 4823 1823 4912 praeteritis
1840 4822 2042 4892 actionibus
2058 4819 2238 4919 scriberem

251 4928 510 4998 confirmarent.
569 4925 693 4996 Postea
717 4941 828 4998 mater
855 4931 1040 5020 spectatrix
1062 4931 1130 5001 luit
1148 4931 1244 4999 necis
1295 4925 1341 5007 lo,
1367 4947 1432 4991 nec
1447 4925 1490 4992 de
1501 4923 1749 5014 praesentibus
1762 4925 1868 4994 rebus
1884 4923 2104 4994 committere
2119 4943 2154 4988 ea
2167 4913 2238 4982 litera

251 5028 430 5112 coniugis,
456 5041 489 5096 et
511 5030 692 5118 complexa
714 5030 868 5098 filiorum
892 5045 927 5100 et
947 5031 1065 5100 mariti
1084 5053 1245 5122 corpora,
1297 5048 1456 5116 possum,
1482 5047 1572 5116 quae
1593 5049 1710 5092 coram
1729 5049 1957 5116 exponerem,
1982 5025 2013 5093 si
2035 5045 2104 5093 una
2123 5025 2237 5090 essemtl

251 5128 313 5222 pio
330 5129 401 5195 ritu
417 5151 456 5195 ea
474 5129 511 5194 in
528 5141 656 5196 terram
673 5129 843 5203 condidit.
1296 5126 1375 5196 Nou
1393 5125 1538 5194 interlui
1556 5126 1712 5195 consiliis
1728 5127 1813 5196 belli
1828 5141 1909 5196 ante
1924 5147 2038 5197 annos
2057 5118 2235 5217 quatuoatl

260 5269 262 5279 ·
354 5225 551 5297 Meministi
566 5243 600 5299 et
616 5227 1037 5319 imperatorisMauricii
1049 5225 1246 5314 historiam,
1298 5229 1505 5297 multatunc
1522 5229 1732 5300 metuebam.
1782 5226 1868 5298 Post
1882 5231 1917 5297 id
1933 5227 2069 5298 bellum
2084 5216 2198 5314 optavi,
2215 5219 2235 5276 ¹¹²

253 5328 313 5422 qui
340 5330 466 5398 tacitus
487 5344 667 5418 spectator,
681 5333 747 5401 luit
765 5335 860 5402 necis
877 5335 942 5402 lilii
962 5348 996 5402 et
1013 5333 1121 5417 filiae,
1146 5355 1246 5406 cum-
1297 5326 1382 5399 hacc
1404 5330 1550 5413 vulnera
1575 5329 1816 5402 moderatione
1839 5343 1961 5400 nostra
1982 5350 2107 5398 sanare
2125 5315 2235 5390 studere

254 5452 322 5524 que
344 5431 387 5498 ad
413 5429 597 5518 coniugem
615 5447 757 5502 ventum
784 5449 890 5520 esset,
916 5436 1053 5506 luctans
1074 5457 1156 5511 cum
1181 5435 1246 5504 do·
1300 5456 1386 5506 mus.
1428 5429 1496 5502 Sed
1516 5431 1683 5526 utrinque
1698 5429 1810 5522 magis
1826 5455 1969 5503 accensa
1984 5423 2161 5502 suntodia.
2186 5406 2234 5510 ,Ni

1731 4598 1837 4649 sano.
