4614 6226
207 355 283 434 sss
780 333 1214 418 urrsrouaauu
1277 335 1488 416 nvn.xr.
1550 267 1715 416 154ss
2153 351 2210 430 33,
2278 337 2292 399 ι

273 569 277 578 ·
312 523 422 600 Mitto
432 515 971 612 vobisexempladisputationis,
987 513 1088 588 cuius
1102 511 1206 586 lectio
1259 526 1315 584 tus
1331 506 1453 586 inbre
1469 509 1629 586 Ecclesia
1647 489 1802 586 mutisto‘s
1826 539 1909 592 esse.
1960 511 2215 616 Vicini')llbor.
2291 537 2292 579 ι

210 637 317 706 etiam
328 633 482 723 aliquam
493 623 771 700 consolationem
787 620 963 690 continet:
986 615 1208 710 etquodad-
1247 629 1326 689 tate
1339 617 1440 688 urbis
1455 631 1580 688 contra
1597 632 1735 688 nostras
1751 615 1945 706 Ecclesias,
1971 635 2005 692 et
2019 635 2129 694 contra
2142 639 2215 695 vete-
2291 629 2292 680 t

210 736 379 810 hncsunt
400 732 488 803 tales
506 727 709 808 docentium
728 719 1144 803 etdlscentiumcoetus,
1169 717 1209 786 in
1258 741 1313 790 res
1345 719 1698 790 amicos·imrnodice
1727 723 1937 796 abutuntur.
1996 721 2067 792 Vos
2093 747 2165 810 om,
2188 741 2217 799 up
2291 717 2292 778 l

211 830 817 936 quibusveravoxdoctrinaesonat‚
833 821 903 902 Dei
920 822 1130 892 beneficium
1148 832 1208 891 est.
1257 821 1544 892 coniunctionem
1566 835 1724 904 nostram
1746 821 2127 902 nousinatisdistrrhi.
2168 825 2217 898 Dte
2291 843 2292 885 ι

210 939 276 1026 Ει,
308 952 348 1010 ul
382 947 497 1006 servet
527 955 605 1015 eos,
631 916 859 1002 ‘Deum'orm
884 915 1218 1020 sChr'istophorac
1260 920 1318 1000 16.
1334 921 1534 999 Februarii,
2291 946 2292 968 ι

211 1043 337 1114 morbo
361 1041 490 1108 usitato
521 1035 681 1104 laborare
702 1041 885 1122 coeperat,
914 1029 973 1096 sed
999 1023 1210 1096 convalescit

210 1145 279 1220 Dei
299 1139 483 1213 beneficio.
542 1133 636 1206 Duxi
661 1155 741 1205 eum
769 1155 906 1204 mecum
930 1127 1110 1219 Lipsiam,
1139 1147 1210 1220 quo
1276 1177 1413 1196 W...

211 1233 286 1320 uon
301 1246 415 1316 solum
434 1253 576 1332 propter
595 1227 813 1329 nuptias*)‚
833 1233 892 1302 sed
919 1243 1064 1322 propter
1087 1230 1210 1320 dispu-

211 1351 382 1424 tationem
408 1345 515 1416 etiam
540 1339 677 1410 accessi.
732 1331 867 1409 Filium
900 1321 1210 1430 Christophorum
1260 1327 1454 1426 N⁰·⁴4⁸⁸·

211 1449 279 1524 boc
300 1449 508 1522 turbulento
532 1455 689 1533 tempore
712 1437 751 1508 in
772 1437 884 1508 literis
899 1435 1032 1524 versari
1053 1457 1212 1504 commo·
1268 1429 1441 1458 ’Ν

209 1557 291 1628 dius
307 1575 380 1622 esse
396 1549 532 1632 indico,
559 1567 665 1638 quam
681 1537 767 1612 alias
790 1563 846 1612 res
869 1562 981 1632 agere.
1032 1533 1081 1608 Et
1103 1535 1212 1628 proii-
1430 1589 1436 1597 .
1523 1549 1531 1560 ·
1555 1531 1634 1620 Fra
1665 1527 1948 1624 Margo.
2018 1583 2025 1588 ,

212 1681 289 1730 cere
306 1677 406 1732 eum,
434 1674 489 1720 res
506 1649 580 1741 ipsa
599 1643 763 1716 ostendit.
814 1641 912 1716 Deus
935 1664 1016 1710 eum
1039 1651 1153 1718 servet
1177 1649 1212 1707 et
1327 1689 1466 1766 Epwib
1491 1691 1520 1746 Π
1547 1709 1565 1764 p
1593 1690 1643 1746 m
1672 1691 1718 1762 (at
1743 1689 1819 1747 lond
1843 1691 1881 1748 Bb
1902 1689 1965 1746 ne
2011 1693 2089 1762 m)

210 1773 328 1850 regat,
355 1767 388 1826 et
405 1777 467 1824 vos
484 1772 607 1820 omncs
626 1747 817 1822 clementer
836 1753 1006 1838 protegat.
1468 1730 1476 1748 ·
1521 1728 1575 1746 ··
1644 1727 1652 1744 ·
1722 1727 1730 1744 ·
1822 1725 1831 1744 ·
1883 1711 1994 1766 ·ϊ
2062 1728 2093 1748 ··
2179 1739 2184 1748 -

172 1876 186 1886 ‘
311 1857 366 1950 Dc
381 1851 546 1926 Erusmo
564 1843 761 1920 Benedicta
776 1847 957 1948 cogitabo,
979 1858 1020 1926 ιιι
1033 1867 1098 1937 per
1112 1863 1212 1912 occa·
1259 1841 2227 1926 Fra-nciscoBurcardoConsr'liuriolllustriss.
2291 1817 2292 1900 i

211 1966 347 2037 sionem
371 1957 503 2030 alicubi
527 1949 718 2024 honestum
738 1951 858 2020 locum
880 1945 1020 2020 habeat.
1071 1943 1229 2020 Lectio-¹
1411 1985 1414 1996 ⁴
1569 1947 1721 2026 Ducam
1749 1947 1946 2027 saxoniae
1993 1933 1998 1947 ⁵

211 2090 302 2167 ‚num
328 2061 423 2154 ‘'imd
446 2083 511 2130 ¹¹⁰⁵
534 2047 1103 2148 h⁰⁰¹²mp⁰ren⁰⁰fiimui³ii⁰’
1129 2045 1211 2140 quia
1260 2085 1368 2172 Sd).
1418 2089 1623 2171 Clarissima
1643 2099 1749 2172 viret
1765 2100 1876 2174 amice
1895 2095 2114 2178 charissime.
2148 2101 2231 2173 Multi

212 2161 449 2249 Formmm’
472 2159 598 2244 audio’
624 2177 865 2249 successurum
875 2143 1083 2246 Crwgem'
1114 2141 1212 2218 Bene
1259 2203 1377 2274 sciunt
1390 2215 1473 2272 ante
1491 2197 1583 2273 hanc
1599 2203 1734 2273 tristem
1754 2201 1908 2296 Reipub.
1930 2207 2176 2290 mutationem,
2193 2227 2232 2274 me

1260 2306 1430 2374 annuum
1441 2326 1539 2389 esse,
1561 2317 1603 2376 ut
1616 2305 1656 2374 in
1673 2300 1743 2374 hac
1753 2298 1945 2376 Academia
1963 2308 2169 2378 retineretur
2182 2301 2232 2376 Vl·
2291 2329 2292 2370 t

1262 2401 1441 2490 clarinus,
1466 2407 1609 2476 iuturus
1630 2407 1674 2477 ad
1695 2407 1933 2498 posteritatem
1948 2423 2073 2480 custos
2088 2409 2233 2480 doctrinae
2282 2409 2292 2473 ιι

1263 2509 1422 2579 coelestis
1445 2509 1484 2577 in
1508 2503 1574 2578 hac
1602 2492 1676 2600 ipsa
1701 2511 1801 2595 sede,
1835 2510 1874 2582 iu
1899 2531 1973 2604 qua
2001 2537 2088 2583 voce
2109 2503 2233 2581 Latiari
2278 2482 2286 2615 l

1262 2611 1417 2704 primum
1440 2609 1601 2680 doctrina
1618 2605 1796 2682 Ecclesiae
1817 2627 2010 2704 repurgata
2033 2627 2095 2689 est.
2140 2613 2232 2684 Postea

1262 2714 1356 2783 strasi
1377 2713 1476 2784 utin
1497 2707 1535 2784 Τ
1534 2709 1725 2806 eringium
1749 2713 2053 2806 proficisceretur,
2087 2730 2125 2790 ut
2146 2715 2178 2784 in
2192 2707 2231 2782 his

1262 2815 1467 2906 regionibus
1490 2827 1608 2886 umen
1631 2829 1801 2912 maneret.
1860 2813 1950 2890 Inde
1978 2818 2135 2910 intelligi
2157 2827 2232 2910 potet

1263 2943 1319 2990 me
1335 2919 1378 2988 de
1394 2917 1506 3010 ipsius
1520 2915 1684 3008 ingenio,
1698 2915 1899 2990 eruditione
1912 2932 1948 2991 et
1969 2923 2152 2994 voluntate
2164 2937 2228 3012 prae
2291 2985 2292 3002 ,

1263 3019 1355 3090 clare
1372 3018 1513 3094 sentire.
1563 3017 1668 3093 Nunc
1685 3033 1871 3116 postquam
1886 3023 2115 3096 sanctissimo
2131 3023 2234 3094 toedcn
2291 3009 2292 3104 ζ

1059 3171 1208 3245 mm„
1263 3123 1331 3192 tibi
1355 3146 1435 3191 eum
1453 3120 1666 3206 adiunxisti,
1700 3121 1810 3212 magis
1825 3145 1903 3194 eum
1921 3127 2071 3198 amabo.
2121 3123 2238 3198 Naar
2291 3199 2292 3206 ,

1032 3247 1038 3255 ·
1075 3218 1216 3292 wi
1264 3225 1331 3294 tibi
1354 3237 1389 3294 et
1412 3224 1482 3293 tuis
1499 3247 1556 3292 me
1579 3221 1713 3314 optime
1736 3223 1848 3310 velle,
1873 3249 1956 3296 vere
1977 3229 2167 3300 adfirmare
2184 3243 2238 3316 poe
2280 3221 2292 3312 s]

473 3371 528 3459 1⁰
566 3365 959 3488 Spanffenbewpo·
1265 3349 1356 3398 sirm.
1409 3321 1584 3396 Gratulor
1608 3337 1724 3396 autem
1747 3325 1908 3420 utrique,
1936 3329 2059 3402 tibiet
2080 3323 2240 3402 Victorino
2270 3324 2287 3425 ἷΙ

530 3435 540 3458 '
1266 3427 1554 3499 coniunctionem
1569 3440 1739 3512 vestram,
1754 3443 1789 3500 et
1804 3423 1918 3500 Deum
1931 3445 2123 3504 aeternum
2133 3427 2240 3502 Patren
2278 3431 2292 3504 ³}

285 3539 385 3596 Manlii
400 3535 502 3610 tsrrag.
517 3556 543 3610 p·
555 3531 606 3590 219
618 3549 661 3604 aq.
1265 3527 1415 3600 Domini
1428 3529 1542 3598 nostri
1558 3525 1640 3598 Iesu
1652 3518 1785 3602 Christi
1802 3531 2031 3606 conditorem
2050 3535 2186 3628 generis
2196 3525 2244 3597 hu·

217 3692 430 3776 Reverendo
458 3693 555 3777 viro„
581 3665 784 3763 eruditione
804 3695 837 3758 et
852 3683 987 3785 pictate
999 3680 1219 3784 praestanti,
1266 3655 1364 3750 “iam
1388 3645 1422 3702 εἴ
1438 3627 1623 3750 ‚Eccleiiae
1645 3653 1748 3748 ⁸⁰i⁰’
1781 3653 1863 3716 ⁰²⁰³
1881 3648 1935 3706 ”i
1959 3637 2093 3758 &fiais
2121 3629 2243 3758 'ut-haec

219 3803 368 3878 dompno
399 3795 454 3872 10
464 3820 559 3868 ann
568 3793 584 3865 i
615 3787 990 3964 &angehergpos
1031 3784 1219 3886 Episcopo
1266 3745 1471 3804 coniunctio
1489 3731 1591 3802 vobrs
1607 3733 1774 3806 omnibus
1787 3731 1918 3822 busta,
1943 3737 2036 3810 tehx
2063 3754 2100 3812 et
2116 3731 2247 3810 rutunda
2287 3809 2292 3826 ,

217 3921 248 3979 et
264 3902 411 4006 pastori
423 3892 613 3972 Ecclesiae
671 3889 704 3964 ci
727 3886 768 3961 in
784 3883 930 3964 Isteben
944 3884 1078 3985 fideli,
1100 3889 1219 3959 emim
1266 3835 1322 3954 ⁸3³!
1374 3831 1569 3927 ¹9⁵3⁸²i³¹¹¹
1591 3829 2038 3962 Vffii⁰fin⁰l³⁰³lptucps
2060 3843 2138 3912 dies
2159 3839 2248 3910 literas
2291 3913 2292 3931 1

582 4020 653 4070 suo
672 3987 842 4076 colendo,
1264 3949 1416 4028 mittam.
1467 3933 1521 4006 De
1539 3938 1696 4006 constlns
1716 3932 1923 4009 Conventus
1937 3933 2100 4042 Lapsici
2117 3943 2198 4012 scito
2215 3955 2251 4007 ns
2291 3939 2292 4033 ]

1266 4039 1395 4108 dixisse
1407 4039 1484 4134 pias
1498 4039 1701 4110 sententias.
1752 4037 1825 4109 Nec
1838 4064 1986 4134 possum
2011 4045 2187 4139 impedire
2201 4057 2251 4134 qut
2291 4047 2292 4054 ’

217 4145 266 4231 S.
283 4155 330 4230 D.
363 4151 573 4226 Reverentia
587 4147 653 4226 vic,
667 4157 704 4214 et
718 4138 1062 4214 amicecbarissime'.
1085 4137 1217 4230 Magna
1266 4143 1385 4210 miuus
1409 4139 1470 4209 alii
1496 4138 1712 4231 potentiores
1735 4141 1869 4214 addant
1891 4145 2039 4240 aliquid
2066 4153 2113 4218 de
2133 4169 2209 4228 suo,
2228 4149 2251 4206 m
2291 4119 2292 4155 t

217 4257 414 4332 consolatio
437 4253 507 4346 piis
531 4247 712 4344 proposita
728 4259 779 4316 est
795 4245 834 4313 in
853 4245 947 4313 dicto
963 4241 1114 4312 Psalmi:
1142 4240 1218 4310 Ge-
1268 4243 1379 4338 stylus
1402 4244 1440 4312 in
1464 4241 1603 4334 scriptis
1628 4241 1801 4327 ostendit,
1827 4267 1902 4316 non
1919 4271 2000 4320 esse
2017 4251 2132 4320 unius
2148 4243 2252 4319 oratio·
2291 4295 2292 4304 ι

217 4352 585 4432 nerationirectorum
603 4349 842 4421 benedicetur.
875 4341 979 4414 Hanc
996 4367 1117 4414 vocem
1133 4341 1217 4414 dul·
1267 4367 1367 4415 nem:
1407 4344 1577 4414 reiectum
1609 4343 1715 4415 etiam
1738 4343 1809 4415 suit
1830 4351 1947 4416 cneum
1976 4355 2167 4444 quoddam
2191 4341 2255 4415 scri.
2291 4353 2292 4436 p

217 4463 391 4535 cissimam
410 4459 449 4528 iu
462 4452 527 4526 bac
543 4468 602 4524 tua
617 4465 755 4522 senecta
772 4445 1039 4532 intuens‚lilios
1055 4460 1134 4517 tuos
1151 4441 1218 4516 bo-
1266 4461 1378 4540 ptum.
1430 4443 1554 4516 Donec
1576 4459 1694 4516 autem
1718 4441 1896 4518 Ecclesiae
1919 4463 1956 4520 et
1984 4451 2136 4525 scholae
2159 4465 2257 4519 nacon
2291 4517 2292 4536 χ

219 4580 335 4636 uastos
355 4575 390 4638 et
415 4559 595 4642 eruditos,
621 4578 723 4644 saepe
741 4553 910 4642 cogitato:
936 4571 975 4619 ac
990 4547 1065 4619 Deo
1088 4553 1217 4638 gratias
1266 4543 1452 4638 Evangelii
1469 4549 1711 4640 incorruptum
1726 4569 1852 4618 souare
1867 4569 2043 4642 possunt,
2058 4579 2135 4626 nou
2151 4565 2258 4624 temera
2291 4541 2292 4608 ἶ

217 4668 331 4760 agito,
357 4664 420 4760 qui
442 4675 523 4732 tuae
539 4655 710 4728 senectuti
722 4654 809 4724 tales
825 4653 917 4722 lilios
933 4651 1090 4722 donavit.
1144 4648 1217 4721 Nos
1267 4649 1515 4742 dissipationes
1530 4650 1681 4720 maiores
1695 4650 1874 4721 iaciendas
1889 4675 1969 4724 esse
1986 4683 2136 4732 censeo.
2174 4649 2258 4725 Mitto

217 4771 372 4840 libenter
403 4764 436 4835 ei
458 4760 640 4834 doctrinae
667 4755 908 4830 testimonium
939 4753 1150 4840 tribuimus,
1182 4765 1217 4823 et
1266 4749 1438 4844 pagellam
1453 4743 1630 4848 Lipsirac
1646 4751 1897 4844 dispunctam,
1911 4781 2011 4848 quae
2028 4746 2188 4838 ostendit
2202 4769 2257 4820 non
2291 4745 2292 4760 ,

218 4875 296 4968 loco
320 4863 526 4952 ornavimus
554 4873 642 4931 natu
666 4859 860 4941 maiorum,
895 4870 933 4926 ιιι
964 4859 1076 4926 virtus
1110 4855 1216 4924 etiam
1267 4851 1397 4923 minari
1423 4877 1443 4922 a
1472 4853 1577 4922 nobis
1607 4853 1789 4924 doctrinae
1822 4879 1946 4946 genus·
2015 4859 2131 4952 Quod
2165 4868 2290 4940 anun}

217 4971 328 5066 ipsius
349 4981 514 5040 meretur.
570 4961 644 5036 Nec
669 4963 825 5053 depones
847 4958 1132 5028 benevolentiam
1159 4979 1216 5024 er·
1266 4953 1369 5024 multi
1393 4955 1437 5024 de
1459 4953 1563 5027 nobis
1585 4955 1753 5026 atrociter
1777 4955 2001 5052 loquuntur,
2028 4967 2203 5036 usitatum
2225 4963 2260 5020 nt

217 5099 259 5168 ga
289 5095 356 5146 nos
383 5085 500 5150 taam,
539 5079 686 5160 propter
719 5061 829 5148 falsos
858 5062 1029 5130 clamores
1054 5081 1216 5152 quorun·
1265 5055 1394 5126 ociosis
1408 5055 1616 5127 maledicere
1630 5058 1836 5150 praesertim
1850 5059 2010 5139 miseris.
2066 5063 2262 5136 Nosinser·

216 5180 317 5259 dam,
349 5173 412 5270 qui
441 5167 637 5241 calumnias
661 5178 784 5236 contra
808 5186 874 5232 nos
904 5171 1083 5254 spargunt.
1143 5154 1217 5252 Ipsi
1265 5159 1379 5228 vitute
1401 5158 1522 5226 miseri
1545 5169 1580 5229 et
1601 5157 1795 5230 certamina
1818 5175 1852 5232 et
1873 5162 2023 5236 labores
2044 5167 2086 5236 in
2101 5161 2262 5237 doctnna

214 5275 281 5348 stit
294 5275 349 5348 tui
366 5287 472 5348 testes
485 5282 609 5355 crunt,
631 5291 698 5339 nec
713 5265 898 5338 doctrinae
918 5285 1057 5344 vocem,
1083 5278 1151 5332 nec
1167 5261 1217 5331 ri-
1265 5247 1519 5352 propagatione
1539 5259 1756 5332 sustinemus
1778 5277 1812 5335 et
1835 5287 1892 5334 res
1906 5265 2155 5340 difficillimas
2176 5279 2207 5334 et
2221 5259 2263 5328 in·

2076 1433 2218 1464 Μ

213 2286 248 2342 et
268 2267 419 2340 feliciter
442 2264 566 2332 valete.
618 2251 686 2330 Die
710 2255 796 2334 Feb.
824 2257 881 2328 to.
906 2279 976 2350 quo
999 2265 1081 2324 ante
1101 2273 1214 2320 annos

216 2369 314 2448 1719
330 2367 487 2443 Nicanor
511 2363 625 2434 victus
641 2373 712 2449 est,
739 2371 775 2431 et
794 2353 980 2430 brachium
1005 2353 1212 2445 suspensum

213 2489 296 2548 aute
317 2471 509 2561 templum,
535 2489 606 2560 quo
629 2461 790 2556 exemplo
814 2461 911 2532 Deus
936 2457 1112 2539 ostendit,
1146 2453 1214 2524 sibi

213 2571 408 2653 Ecclesiam
432 2591 536 2640 carrae
558 2589 643 2639 esse.
694 2559 771 2665 Hac
796 2587 855 2656 spe
874 2561 1048 2634 leniamus
1064 2557 1215 2644 dolores,

216 3179 451 3312 Q..

222 5441 443 5460 w
1277 5427 1482 5444 m

246 5527 279 5599 ⁸)
297 5522 412 5598 Nuptias
427 5522 569 5593 Mercari,
583 5521 698 5594 vitlnp.
711 5519 745 5577 sti
756 5511 866 5576 Fabric-
878 5513 907 5572 d.
921 5514 964 5570 ιδ.
980 5509 1071 5584 April·
1084 5510 1110 5574 h.
1123 5527 1149 5570 ι
1302 5509 1332 5582 ⁸)
1351 5511 1637 5586 monumnenta
