4624 6216
258 345 336 414 ear
849 315 1281 413 nrts'cucanuat
1331 337 1544 416 mnxn.
1598 288 1725 418 16'51.
2177 347 2218 417 ns

263 511 331 585 No.
351 499 498 584 501&
700 497 732 580 .'
961 493 964 500 ¹
1136 513 1185 591 (h.
1207 515 1251 594 a.)
1314 501 1392 578 Sed
1417 503 1558 578 indocti
1582 507 1831 581 uoluntariam
1860 511 2093 608 praesentiam
2110 521 2223 584 verterunt

270 607 443 638 m
1119 603 1256 632 Μ
1315 607 1355 678 in
1369 607 1619 692 inclusionem,
1639 635 1718 682 eum
1735 607 1824 683 leaeo
1838 607 1996 710 physica
2014 639 2078 684 non
2088 611 2224 711 pertinent

538 714 635 830 (De
663 743 795 800 gam
824 717 998 829 coma.)
1315 705 1371 780 od
1383 709 1562 781 rationem
1579 705 1913 788 Sacramentorum.
2010 786 2019 822 ‘

285 907 289 914 ·
334 893 403 948 atet.
423 892 526 948 Goneil.
545 891 588 946 let.
606 891 636 946 P.
653 885 688 942 ll.
707 908 734 962 p.
751 889 800 944 163
814 909 854 962 eq.

268 1043 423 1118 Summa
442 1070 544 1116 verae
563 1045 762 1117 sententiae
778 1041 819 1115 de
833 1045 1043 1140 praesentia
1060 1037 1262 1118 Chrtset'in
1314 1031 1381 1110 No·
1397 1033 1511 1110 5014·
2144 1043 2230 1162 Q

269 1173 337 1218 usu
359 1141 638 1219 Eucharistiae.
690 1143 925 1219 Autumnum
945 1149 1081 1246 scripta
1103 1175 1127 1218 a
1149 1143 1263 1218 Pht-

524 1245 651 1347 lippo
680 1243 1005 1320 Melanthum.
1181 1295 1188 1342 ,
1461 1231 1556 1336 (De
1585 1231 1835 1318 elevatione
1864 1244 1914 1318 et
1943 1259 2078 1320 coena
2101 1232 2146 1341 ε.)

1320 1131 1494 1162 Μ

267 1399 358 1482 Duo
376 1425 459 1482 sunt
476 1415 627 1484 tenenda
650 1417 693 1483 de
707 1411 825 1484 Coena
842 1414 1006 1485 Domini:
1034 1404 1088 1485 Et
1108 1411 1210 1514 quod
1223 1414 1263 1484 in
1382 1405 1449 1464 Md·
1468 1406 1573 1464 ⁰⁰⁰⁸fl·
1596 1406 1643 1462 ¹⁸¹·
1661 1405 1692 1462 Ρ·
1706 1403 1742 1462 ¹¹·
1759 1425 1788 1478 P·
1802 1407 1861 1468 ¹⁶⁴·

269 1508 529 1583 distributione
550 1513 663 1611 panis
687 1538 731 1584 ac
753 1511 879 1609 poculi
904 1515 1131 1611 sumentibus
1154 1511 1263 1587 exiri·

270 1611 427 1684 heantur
442 1637 571 1709 corpus
586 1623 618 1684 et
632 1615 791 1708 sanguis
804 1609 967 1686 Christi:
993 1612 1047 1687 Et
1062 1614 1164 1717 quod
1174 1612 1264 1688 haee

269 1715 405 1800 sumtio
426 1713 684 1812 principaliter
706 1717 877 1786 instituta
899 1717 949 1787 sit
968 1715 1023 1789 ad
1043 1713 1263 1812 confirman-

229 1830 233 1843 '
269 1811 491 1908 dnmstdem,
517 1817 607 1915 quin
624 1827 675 1887 est
690 1816 947 1901 testimonium,
973 1816 1075 1918 quod
1089 1810 1265 1890 Christus
1314 1793 1407 1882 Seio
1429 1813 1561 1884 multos
1577 1816 1817 1906 superstitiose
1838 1829 1873 1888 et
1894 1815 2237 1910 suspiciosedeabrop

269 1915 455 2010 adiungat
480 1941 547 1988 nos
567 1917 643 1988 sibi
658 1928 838 2016 tunquam
862 1919 1036 1997 membra.
1086 1921 1163 1992 Hac
1189 1923 1263 2014 ipsa
1316 1913 1412 1982 tione
1426 1915 1632 1986 elevationis
1648 1917 1815 1992 iudicare.
1852 1917 1922 1989 Sed
1939 1933 2057 1990 tamen
2073 1914 2238 1990 haereticae

270 2013 530 2090 consociatione
552 2022 751 2090 admonitos
768 2023 846 2092 vult
869 2026 1030 2108 credere,
1053 2026 1147 2116 quod
1167 2021 1264 2093 Deus
1317 2037 1389 2084 ¹1⁰ss
1412 2029 1495 2086 Sunt
1516 2017 1768 2108 aperiendae·
1822 2013 1870 2087 Ei
1891 2032 1974 2090 Vera
1999 2035 2067 2102 esis
2097 2035 2127 2092 ei
2144 2032 2239 2110 timii!

270 2121 356 2208 ipsis
369 2121 415 2190 sit
429 2121 617 2213 propitius,
641 2123 718 2190 vult
732 2123 890 2192 invocari
901 2124 1027 2209 Deum,
1054 2137 1088 2193 et
1102 2125 1168 2216 ipsi
1185 2147 1265 2215 gra-
1316 2119 1442 2200 manu,
1475 2118 1547 2186 l¹¹¹⁰
1571 2133 1646 2188 1⁰1⁰
1668 2133 1807 2210 P0⁰i⁰f0
1828 2122 1979 2190 “nenda
2004 2121 2176 2205 θθῦῑθῡῑῖθ,
2198 2115 2240 2188 Si

269 2222 337 2290 tias
352 2221 428 2310 agi,
453 2244 517 2290 nec
535 2223 679 2312 prodest
695 2223 812 2314 ipsum
835 2248 924 2315 opus
947 2227 1023 2296 eine
1038 2219 1104 2294 bac
1120 2227 1188 2296 fide
1206 2249 1264 2295 ac.
1316 2224 1502 2286 eramenta
1518 2217 1558 2286 in
1574 2243 1643 2288 usu
1666 2217 1835 2289 instituto
1855 2221 2035 2291 rationem
2059 2217 2173 2292 hahere
2188 2215 2241 2289 tta

270 2321 422 2410 cipiente
442 2323 686 2392 remissionem
710 2337 932 2414 peccatorum
954 2339 1099 2420 propter
1114 2339 1266 2398 mortem
1315 2339 1445 2387 mrum
1459 2313 1800 2406 Sactssmmlomms
1824 2345 1899 2392 Μ
1914 2331 2023 2393 mm
2038 2348 2134 2394 “sum
2147 2319 2241 2392 iiiiii·

269 2417 423 2507 Christi,
447 2435 482 2493 et
497 2421 685 2494 invocante
700 2447 792 2499 eum.
1315 2425 1411 2505 tum,
1447 2433 1488 2490 ut
1513 2419 1667 2512 Spiritus
1692 2437 1831 2494 sanctus
1856 2447 1931 2493 non
1960 2440 2014 2498 est
2039 2422 2241 2516 alligandus

1315 2521 1442 2612 aquam
1463 2535 1557 2592 extra
1580 2523 1746 2611 baptismi
1768 2523 1953 2601 actionem.
2013 2523 2094 2596 Non
2114 2539 2157 2595 est
2175 2537 2240 2592 auo

300 2676 304 2700 ί
361 2587 504 2662 Ὁθῐῑῑΐθ
529 2581 622 2658 hinc
645 2588 839 2707 implicem
861 2603 895 2660 ei
914 2591 1102 2710 ⁵²¹¹¹ii¹¹⁸m
1129 2593 1263 2665 dmi·
1314 2623 1472 2692 instituta
1487 2621 1607 2694 Coena
1621 2623 1773 2695 Domini
1784 2628 1828 2696 ad
1844 2627 2195 2718 circumgestationem,
2212 2634 2242 2688 ιιι

268 2715 352 2762 narn
369 2694 413 2761 de
428 2687 547 2760 Coena
563 2689 734 2774 Domana,
760 2705 991 2782 pervaserunt
1009 2717 1048 2762 m
1068 2706 1180 2764 totum
1203 2719 1263 2764 or·
1314 2723 1549 2805 oblationem,
1577 2737 1640 2794 „ut
1661 2725 1747 2794 δῆθε
1768 2751 1934 2818 pompas,
1959 2730 2023 2799 sed
2044 2731 2086 2798 ad
2108 2726 2240 2797 mnndum„

268 2797 351 2864 bern
373 2786 758 2908 terra·rum=l1·0rribiles
781 2815 937 2876 errores,
971 2793 1034 2886 qui
1058 2807 1141 2864 stunt
1161 2796 1262 2912 nervi
1313 2823 1467 2910 tionem,
1491 2838 1532 2897 ut
1550 2826 1643 2897 dm
1658 2827 1807 2910 dicitur,
1830 2824 2011 2926 Accipite,
2037 2823 2225 2899 mundum

269 2895 369 2982 regni
385 2887 609 2963 Autrchnsu.
660 2889 801 2961 anns
822 2907 875 2964 est
898 2895 942 2963 de
965 2896 1262 2966 transubstantia-

270 2995 385 3076 tione,
412 2993 506 3084 qnod
526 2991 629 3060 dictis
644 2993 781 3076 verbis,
808 2987 933 3062 docent
948 2991 1066 3064 obiici
1084 3005 1260 3066 naturam
1413 2987 1519 3066 Unde
1541 2989 1608 3064 hae
1627 2995 1794 3087 tenebrae
1813 2996 2035 3089 irrepserunt
2047 2997 2086 3068 in
2100 2991 2244 3068 Ecclesiam

204 3151 207 3162 .
267 3093 399 3190 panis,
425 3099 457 3160 et
469 3099 595 3186 postea
613 3091 653 3160 in
669 3089 741 3162 ilio
748 3087 883 3187 figura
902 3090 1047 3166 includi
1065 3105 1096 3166 et
1113 3096 1263 3166 retineri
1311 3106 1351 3166 ut
1369 3116 1443 3164 non
1458 3094 1679 3166 discernatur
1699 3099 1895 3188 praesentia
1909 3099 2109 3170 voluntaria
2125 3098 2158 3166 in
2172 3093 2243 3184 alique

266 3217 396 3288 corpus
410 3185 567 3276 Christi,
592 3191 705 3290 quasi
713 3187 886 3290 physica,
909 3203 941 3265 et
956 3219 1031 3266 non
1046 3193 1260 3268 uoluntaria
1311 3209 1405 3266 certa
1433 3197 1589 3282 actione,
1620 3221 1640 3266 a
1669 3193 1814 3292 physica
1840 3201 1998 3270 durabili
2025 3189 2244 3270 inclusionem

267 3305 355 3366 esset
382 3292 593 3393 praesentia
608 3285 775 3370 Christi.
838 3295 935 3367 Hine
961 3299 1260 3390 circumgestatio-
1310 3296 1503 3383 animatae,
1533 3310 1573 3369 ut
1596 3294 1743 3388 siligne
1765 3301 1985 3372 collocentur
2007 3303 2048 3372 in
2075 3289 2245 3372 cubiculum?

220 3391 230 3412 ⁸
266 3423 367 3482 nem,
399 3410 435 3468 et
466 3396 708 3466 adorationem
739 3410 836 3468 extra
868 3421 973 3470 usum
1006 3401 1258 3488 excogitarunt.
1308 3395 1405 3468 Haec
1429 3395 1647 3470 Ratisbonae
1670 3424 1750 3470 cum
1771 3397 1878 3472 Eccio
1903 3403 2084 3495 disputata
2103 3413 2189 3480 sunt,
2210 3415 2245 3460 nt

264 3497 392 3570 Postea
410 3498 610 3588 disputant,
635 3497 723 3591 quid
746 3500 907 3572 comedat
920 3523 1018 3588 mus,
1042 3504 1172 3573 rodens
1194 3527 1257 3596 pa·
1310 3493 1479 3584 habebat,
1510 3501 1606 3594 qnod
1628 3503 1902 3587 contradiceret,
1934 3517 1971 3574 et
1993 3529 2036 3574 ex
2056 3527 2096 3573 eo
2120 3507 2244 3588 aegrotati

263 3623 346 3670 nem
362 3610 613 3673 consecratum.
1308 3599 1433 3692 caepit.
1462 3596 1600 3672 Eadem
1614 3599 1763 3672 Macedo
1778 3604 1970 3696 disputavit
1984 3629 2067 3676 cum
2081 3595 2245 3673 Moschion

1308 3713 1341 3770 et
1354 3697 1630 3776 Constantiensi.
1663 3700 1755 3775 Cum
1770 3703 1879 3796 igitur
1891 3707 2099 3777 elevationis
2112 3704 2186 3774 ritus
2195 3717 2245 3766 nu

1294 3801 1420 3872 *firmet
1433 3803 1531 3873 illam
1548 3827 1713 3895 pompam
1731 3805 2087 3896 circumgestationis,
2112 3819 2143 3874 et
2160 3796 2245 3870 sinite

1306 3903 1453 3990 abusus,
1482 3927 1558 3974 non
1580 3905 1687 3974 velim
1703 3905 1869 3998 impediri
1892 3930 1970 3989 eos,
1993 3909 2061 4003 qni
2076 3895 2243 3980 connecte

1305 4005 1503 4087 rationem,
1529 4019 1564 4076 et
1581 4029 1746 4097 praesens
1762 4009 1806 4078 de
1829 4003 1886 4078 his
1907 4011 2018 4080 rebus
2039 4031 2151 4082 coram
2171 4017 2242 4072 tera

1304 4107 1414 4176 multa
1428 4105 1528 4200 loqui
1544 4130 1720 4198 cuperem.
1768 4106 1985 4201 Scripseram
2003 4103 2183 4182 Macedoni
2194 4095 2243 4168 hat

1303 4220 1519 4296 argumenta.
1568 4203 1675 4278 Deus
1697 4231 1771 4278 non
1787 4216 1838 4278 est
1856 4204 2085 4304 alligandus
2104 4203 2155 4278 ad
2167 4197 2241 4272 otim

1304 4331 1388 4392 rem,
1412 4303 1468 4377 od
1479 4322 1591 4404 quom
1606 4331 1644 4378 se
1660 4333 1735 4378 non
1750 4307 1927 4403 ailigaeit
1939 4335 2010 4384 suo
2027 4307 2139 4392 aerbo,
2159 4300 2242 4376 Etim

1302 4431 1408 4478 usum
1421 4431 1459 4478 se
1474 4432 1548 4480 non
1564 4405 1752 4503 alligauit.
1802 4409 1902 4498 item,
1925 4409 2020 4488 Non
2033 4409 2136 4484 adest
2145 4409 2243 4508 prtem

1297 4532 1452 4604 ponem,
1472 4507 1540 4582 sed
1549 4519 1696 4609 propter
1710 4505 1894 4582 hominem
1906 4523 2118 4590 sumentem.

1314 1555 1379 1632 Ad
1391 1559 1549 1634 amicum
1565 1559 1605 1633 in
1621 1559 1815 1636 academia
1829 1557 2019 1662 Lipsensi,
2038 1561 2077 1637 dc
2090 1562 2235 1638 elevatione:

1365 1672 1397 1734 et
1417 1663 1627 1762 praesentia
1644 1665 1805 1766 corporis
1822 1659 1972 1740 Christi
1982 1665 2212 1743 sacramentali.

363 3763 497 3838 Contra
519 3757 606 3832 haec
619 3761 753 3854 opponi
769 3763 873 3836 debet
888 3787 970 3835 vere
986 3779 1020 3838 et
1036 3766 1135 3840 utilis
1150 3792 1256 3860 regn-

263 3854 318 3938 lai
338 3861 618 3936 Sacramentum
644 3870 696 3932 est
716 3859 997 3936 Sacramentum
1020 3865 1060 3938 in
1088 3893 1176 3957 usu,
1202 3867 1259 3942 ad

259 3989 367 4068 quem
390 3960 569 4036 divinitus
596 3970 646 4034 est
668 3962 895 4052 institutum,
926 3980 968 4038 ut
990 3967 1021 4038 εἰ
1048 3970 1128 4064 quis
1148 3972 1254 4044 vellet

260 4069 438 4162 baptismo
469 4064 568 4137 abuti
589 4067 635 4134 ad
661 4068 855 4136 sanandam
883 4067 1038 4160 lepram,
1068 4071 1099 4138 is
1121 4075 1253 4163 magice

259 4173 465 4241 transferret
488 4165 721 4259 baptismum,
746 4169 791 4236 ad
812 4168 917 4236 finem
941 4181 1036 4239 extra
1058 4169 1252 4244 institutio-

259 4295 353 4344 nem.
405 4267 490 4340 ldeo
512 4291 589 4346 non
610 4280 699 4337 esset
720 4265 997 4361 Sacramentum.
1058 4268 1110 4342 ita
1131 4271 1249 4345 Coena

257 4369 407 4443 Domini
421 4395 440 4438 a
455 4364 597 4440 Christo
617 4368 779 4438 instituta
800 4372 913 4440 estad
933 4371 1157 4448 sumtionem.
1207 4375 1249 4448 In

258 4495 298 4542 ea
314 4471 451 4543 actione
467 4483 517 4540 est
532 4467 810 4545 Sacramentum.
859 4467 969 4541 Extra
985 4473 1159 4543 actionem
1174 4500 1248 4546 non

258 4585 309 4642 est
323 4572 521 4662 alligandus
535 4573 585 4659 ad
599 4569 709 4640 ullam
724 4594 819 4652 rem,
845 4573 890 4640 ad
906 4595 1010 4666 quam
1028 4597 1064 4643 se
1083 4575 1158 4664 ipse
1174 4601 1246 4648 non

255 4672 374 4765 alligat
389 4695 453 4742 suo
470 4671 589 4743 verbo.
629 4667 785 4740 Tantum
802 4685 919 4740 autem
937 4676 981 4742 de
997 4675 1134 4746 actione
1150 4679 1246 4766 dicit,
1298 4687 2241 4724 -——-·--—-—-—-··‘

248 4769 432 4871 Accipite,
459 4765 648 4857 comedite,
675 4763 743 4838 icoc
757 4779 808 4840 est
823 4793 1093 4869 corpusmeum.
1157 4785 1166 4805 ⁸
1307 4845 1373 4916 No·
1387 4843 1487 4920 5⁰¹5
1878 4853 1883 4860 ,
2166 4848 2203 4930 (h.
2217 4839 2240 4916 ι)

353 4933 451 5007 Haec
477 4935 666 5026 diligenter
694 4935 949 5006 consideranda
977 4955 1061 5011 eunt
1091 4942 1177 5032 piis,
1210 4960 1244 5017 et
1301 4943 1513 4984 *Ν
2154 4933 2235 4967 ‘⁹‘

249 5035 487 5127 cogitandum,
510 5039 689 5129 quomodo
704 5037 890 5106 manifesta
903 5035 1106 5110 idololatria
1119 5043 1158 5112 in
1174 5043 1242 5114 eic-
1657 5033 1918 5149 Inscriptio,

249 5137 524 5226 cumgestatione
538 5149 616 5208 orta
630 5135 794 5221 sit,.cum
812 5137 902 5206 ratio
923 5151 959 5208 et
974 5153 1100 5211 natura
1117 5143 1241 5215 Sacra-
1360 5207 1492 5290 Exempto
1521 5205 1672 5262 mm
1700 5205 1919 5277 armenicorum
1946 5205 2063 5264 Md
2089 5199 2183 5260 ἰὼ
2202 5187 2237 5264 (p

248 5253 450 5309 mentorum
469 5261 545 5308 non
560 5240 680 5308 dextre
695 5233 1098 5335 intelligeretur'nQuia
1112 5265 1240 5315 sacra·
1394 5275 1589 5346 theenberg.
1615 5279 1663 5334 „r
1711 5275 1787 5342 φη,
1816 5277 1874 5344 ρῃῇ
1904 5277 2072 5348 1545‚s,1,)
2102 5274 2170 5352 ως,
2194 5274 2236 5336 qu
2269 5309 2270 5322 ,

247 5337 421 5412 mentaic's
433 5335 643 5433 praesentia
660 5344 712 5407 est
728 5333 951 5423 voluntaria,
971 5340 1118 5412 sancita
1130 5355 1240 5442 pacto
1392 5355 1560 5427 sequuntur,
1574 5345 1667 5400 Metan
1698 5362 1794 5398 ⁰⁰⁸⁰·
1810 5363 1892 5398 Μ’
1909 5345 2066 5416 inscripsit,
2080 5345 2235 5400 dmm

193 5472 198 5484 ¹
245 5451 308 5513 seu
334 5437 576 5540 promissione
597 5434 684 5507 Dei
694 5437 899 5536 praesentis
919 5439 960 5510 in
991 5439 1063 5513 itta
1085 5445 1236 5524 actione.
1391 5413 1596 5538 ffifpfflssfm'
1617 5414 1788 5482 ΜΨ·
1827 5411 1924 5468 ⁵¹¹¹¹³¹⁶
1947 5413 2056 5469 ‘'iffi''
2074 5413 2130 5468 ’ἰὼ
2148 5391 2234 5462 ”5³¹¹
