4614 6226
79 351 153 432 845
669 345 1108 433 dPlSTOLAfiUM
1160 349 1271 430 ΗΒ.
1300 349 1366 432 xl.
1417 352 1553 432 1549·
2030 351 2136 472 *ato

79 523 145 598 No.
162 518 280 597 4500'.
378 527 382 534 '
943 528 1078 600 hilm.
1130 525 1252 620 scripti
1279 527 1499 600 obscuritate
1519 525 1625 613 oriri,
1657 515 1717 598 sed
1741 549 1844 620 saepe
1866 523 2134 620 aperversitate

451 629 454 634 ’
919 623 1076 668 *⁴⁶⁸
1130 623 1670 712 homiuum.·i⁷idebantludaei
1684 628 2013 702 mortuosinvitam
2028 651 2134 700 revo-

398 699 477 788 Til·
501 699 774 792 clamem·
1131 731 1204 830 cari
1221 755 1241 803 a
1256 732 1331 803 iiiio
1340 729 1497 820 Mariae,
1526 746 1561 804 et
1574 745 1697 808 ,umen
1709 732 1787 804 eius
1800 732 1984 805 doctrinae
2001 729 2134 804 acerri-

150 845 274 919 epem.
311 841 581 901 „emersurum
595 844 681 901 reru
699 843 804 917 rupta
827 844 915 902 norm
940 843 998 916 ,n
1015 863 1084 900 voce
1129 857 1187 905 me
1201 834 1491 912 adversabuntur
1522 832 1614 908 Cum
1632 835 1799 926 igiturne
1816 834 1972 906 convicti
1986 833 2132 928 quidem

85 621 286 656 Μ

184 925 214 970 et
226 935 258 970 re
271 914 288 970 fi
310 913 373 982 ei‘';
394 911 471 970 errius
485 915 606 970 editione
620 933 730 986 eaquae
742 913 817 970 sorio
831 913 908 974 1668.
925 915 952 971 i.
970 915 1072 988 prodiit

184 985 342 1040 minumus.
360 981 741 1056 Lapsurettsmtntttetsnd.
752 983 903 1044 Declamas.
915 984 965 1042 lv·
978 953 1083 1060 μω(
1131 935 1309 1008 evidentia
1325 937 1578 1022 miraculorum
1591 935 1667 1008 Deo
1684 937 1883 1018 crederent:
1906 937 2134 1012 manifestum

284 1107 291 1122 .
478 1103 488 1123 .
916 1105 924 1125 ,
973 1105 982 1126 ,
1133 1051 1195 1121 est,
1213 1063 1315 1132 saepe
1331 1041 1627 1110 nonadoctrinae
1643 1040 1868 1126 obscuritate,
1882 1041 1999 1112 sedab
2014 1035 2133 1110 homi·

85 1099 339 1184 R‘i'mndm'
363 1100 533 1178 ΗΘΜ
559 1099 782 1194 ΗΘΜ
805 1099 1087 1208 ΑΓώίΡΜοΡο
1133 1165 1221 1214 num
1238 1141 1379 1212 malicia
1394 1141 1631 1214 dissensiones
1646 1142 1746 1215 oriri.
1778 1139 2133 1238 Deindequanq'nam

254 1199 527 1284 Cssniflafifflfi
549 1201 653 1286 Phil·
679 1205 775 1286 Md·
810 1211 849 1288 s·
875 1209 921 1288 D·
1133 1267 1257 1315 verum
1272 1257 1343 1329 est,
1367 1237 1531 1316 homines
1548 1240 1758 1338 sophisticos
1781 1269 1844 1318 seu
1860 1239 2135 1341 sycophanticos

86 1341 162 1426 Ars
185 1357 222 1416 et
241 1344 428 1416 mirandus
442 1344 530 1414 ordo
553 1342 594 1412 in
609 1355 684 1415 toto
699 1343 840 1437 opificio
855 1357 1021 1427 naturae,
1048 1343 1086 1416 in
1134 1345 1424 1418 omniaomnium
1440 1346 1532 1418 dicta
1549 1371 1650 1442 posse
1664 1347 1952 1423 cavillationibus
1961 1350 2134 1442 deprave-

87 1450 176 1524 coeli
199 1459 237 1519 et
254 1437 510 1518 elementortim
530 1445 667 1538 posito,
692 1447 731 1518 in
754 1447 911 1520 siderum
930 1447 1087 1521 motibus
1134 1473 1192 1534 re,
1214 1464 1333 1521 tamen
1354 1472 1429 1519 non
1452 1463 1638 1543 propterea
1657 1451 1832 1524 certitudo
1849 1451 1956 1528 ‚nulle
1982 1449 2051 1524 est:
2082 1463 2134 1535 ut,

88 1569 118 1627 et
139 1545 409 1623 conservatione
440 1547 656 1640 specierum,
690 1549 729 1620 in
755 1547 986 1622 fabricatione
1008 1573 1084 1620 cor·
1135 1549 1270 1622 etiarnsi
1281 1551 1374 1624 ludit
1387 1551 1517 1646 aliquis
1529 1548 2020 1646 praestigiatorinhocdicto:
2036 1575 2133 1624 nune

87 1655 183 1752 poris
201 1647 372 1736 humani,
397 1649 552 1744 denique
575 1651 614 1719 in
635 1651 713 1721 luce
731 1653 885 1738 mentis,
906 1655 944 1724 in
962 1675 1087 1723 nume·
1133 1651 1268 1726 iustitia
1278 1650 1346 1724 Dei
1359 1653 1435 1723 sine
1449 1653 1525 1744 lege
1536 1653 1714 1748 apparuit,
1723 1669 1841 1728 tamen
1856 1677 1931 1726 non
1947 1668 2134 1750 propterea

87 1759 152 1842 ris,
190 1754 331 1850 legibus
353 1767 388 1824 et
409 1754 576 1825 omnibus
601 1753 737 1825 artibus
757 1753 852 1826 ditae
872 1753 1088 1840 necessariis,
1134 1755 1283 1826 obscura
1301 1769 1361 1826 aut
1375 1755 1541 1843 ambigua
1556 1769 1608 1828 est
1624 1749 1750 1829 oratio.
1776 1755 1867 1830 Nam
1884 1759 1994 1828 series
2009 1757 2136 1850 dispu-

86 1861 271 1932 evidenter
290 1855 461 1940 ostendit,
486 1847 578 1926 hanc
601 1875 721 1926 rerum
745 1869 910 1927 naturam
931 1881 1006 1928 non
1028 1881 1088 1927 ex·
1132 1857 1280 1929 tationis
1297 1857 1384 1952 quid
1402 1859 1489 1930 velit
1503 1859 1622 1932 dicere
1643 1855 1777 1931 Paulus
1798 1860 1943 1932 indicat.
1993 1857 2064 1932 Sed
2083 1861 2135 1929 le-

89 1963 198 2036 titisse
214 1979 318 2038 casu,
345 1981 385 2026 ac
400 1969 540 2042 monet,
565 1954 779 2028 intuendum
799 1979 874 2029 esse
886 1971 1006 2031 mente
1021 1955 1087 2029 ho·
1133 1971 1247 2031 stores
1261 1961 1422 2030 adferant
1444 1959 1483 2028 in
1507 1961 1699 2032 iudicando
1722 1963 1962 2054 cognitionem
1982 1957 2136 2055 piscosis,

88 2090 163 2136 rum
179 2083 331 2154 operum
346 2051 576 2130 architectum
593 2073 627 2130 et
642 2059 872 2132 conditorem.
924 2057 994 2132 Hic
1005 2085 1086 2132 vero
1134 2063 1350 2135 mediocrem
1361 2061 1598 2134 eruditionem
1609 2063 2136 2151 etdexteritatemiudlcii,can-

89 2169 260 2238 immensa
277 2161 433 2232 bonitate
450 2185 523 2230 non
540 2159 654 2230 solum
676 2160 716 2231 iu
733 2157 801 2232 hoc
817 2163 957 2254 opificio
972 2185 1008 2234 se
1024 2187 1087 2255 pa·
1134 2165 1276 2248 dorem,
1302 2169 1465 2235 timorem
1484 2163 1574 2250 Dei,
1600 2169 1757 2236 amobem
1772 2166 1951 2251 veritatis,
1982 2187 2048 2236 nec
2063 2167 2135 2238 sint

89 2265 213 2352 tefecit,
231 2263 414 2335 sedetiam
429 2261 597 2354 prodiens
614 2283 655 2336 ex
672 2282 798 2334 arcana
814 2267 896 2335 sede
914 2266 1088 2336 allocutus
1133 2265 1294 2336 fascinati
1310 2267 1427 2358 pravis
1442 2267 1684 2358 opinionibus,
1698 2288 1763 2340 nec
1775 2264 1964 2340 ambitioni
1979 2281 2042 2338 aut
2055 2268 2136 2338 aliis

94 2387 137 2442 est
149 2365 319 2442 homines
334 2385 399 2436 sua
413 2389 510 2450 voce,
525 2378 559 2435 et
575 2365 688 2459 qualis
704 2367 761 2452 sit,
779 2369 959 2462 quomodo
976 2389 1086 2456 agno-
1133 2367 1318 2438 affectibus
1341 2368 1506 2442 serviant.
1562 2366 1669 2441 Certa
1691 2384 1775 2442 sunt
1796 2369 1923 2462 igitur,
1954 2392 2045 2466 quae
2070 2369 2137 2440 tali

93 2475 185 2544 sciet
202 2467 366 2540 invocari
382 2468 489 2553 velit,
506 2468 680 2554 ostendit,
702 2491 742 2538 ac
759 2469 870 2562 legem
887 2483 922 2542 et
934 2469 1087 2563 promis·
1133 2469 1324 2540 verhorun'r
1339 2491 1465 2560 genero
1479 2485 1692 2558 narrantur,
1703 2473 1810 2567 'qnod
1829 2495 1939 2544 unam
1955 2473 2136 2566 quandam

89 2570 387 2648 sioneetradidit.
432 2566 675 2642 Cumanteru.
689 2567 838 2663 prohac
852 2573 1086 2662 patefactione
1133 2571 1343 2642 sententiam
1366 2572 1495 2663 gignit,
1526 2571 1661 2644 iudicio
1683 2593 1851 2646 sanorum
1873 2587 1908 2646 et
1931 2575 2137 2664 intelligen-

96 2691 282 2768 petresse
306 2672 472 2742 universa
493 2666 681 2742 hominum
706 2685 832 2744 natura
857 2675 1021 2761 deberet,
1053 2687 1086 2745 et
1133 2675 1224 2746 tium
1239 2669 1403 2768 phrasin,
1430 2689 1464 2746 et
1480 2697 1553 2744 non
1571 2671 1789 2746 calumniose
1801 2677 2137 2748 transformantium

98 2773 162 2848 hoc
173 2773 376 2848 testimonio
391 2796 491 2844 mens
506 2775 697 2844 erudienda
715 2788 750 2845 et
765 2774 1008 2846 confirmanda
1031 2800 1087 2846 es-
1134 2777 1241 2847 verba
1263 2775 1301 2845 in
1324 2776 1478 2846 alienam
1494 2767 1795 2866 significationem.
1845 2775 2010 2873 Denique
2033 2777 2137 2848 nt¹in

99 2895 159 2964 set3
180 2895 214 2950 et
231 2903 302 2948 vor
315 2874 381 2946 Dei
404 2889 607 2948 reverenter
622 2877 818 2962 audienda,
840 2891 875 2948 et
889 2877 1088 2948 firmissime
1133 2880 1211 2949 foro
1227 2879 1402 2970 sapientes
1417 2891 1451 2950 et
1467 2878 1549 2949 iusti
1573 2879 1706 2950 iudices
1724 2879 1932 2951 inferendis
1952 2879 2138 2958 sententiis

90 2979 346 3074 amplectenda:
397 2977 593 3065 dolendum
624 2989 693 3058 est,
726 2979 925 3070 praestigiis
951 2979 1086 3052 diaboli
1133 2993 1284 3050 utuntur
1305 2981 1492 3073 perspicuo
1502 2995 1540 3052 'et
1551 2995 1651 3052 certo
1667 3002 1795 3071 genere
1810 2983 2000 3054 orationis:
2027 2982 2075 3054 ita
2098 2981 2137 3049 in

90 3087 192 3154 etiam
204 3078 270 3153 has
284 3080 534 3173 patefactioues
547 3080 740 3164 obscurari,
758 3095 792 3152 et
805 3076 972 3152 humanis
986 3106 1085 3152 meu·
1134 3102 1297 3151 sermone
1313 3083 1453 3153 coelesti
1470 3084 1674 3175 perspicuae
1688 3097 1723 3156 et
1741 3097 1856 3156 certae
1870 3101 1954 3156 sunt
1968 3085 2085 3175 legum
2103 3095 2138 3152 et

91 3187 183 3256 tibus
200 3207 326 3254 vocem
342 3179 410 3254 Dei
429 3183 555 3254 excuti.
605 3181 697 3252 Nam
711 3175 778 3252 hac
794 3183 1020 3254 cavillatione
1035 3184 1089 3254 la-
1132 3183 1413 3272 promissiouum
1429 3187 1668 3272 narrationes,
1692 3199 1726 3256 et
1739 3187 1978 3280 plurimorum
2004 3184 2137 3256 articu-

93 3289 268 3358 befactant
283 3284 384 3376 impii
400 3284 585 3355 coelestem
608 3307 822 3354 sermonem:
852 3285 1016 3376 ambigue
1032 3286 1089 3356 di·
1135 3288 1253 3354 lorum
1274 3285 1370 3359 fidei.
1427 3283 1510 3356 Non
1533 3289 1629 3360 enim
1653 3301 1838 3380 putemus,
1870 3289 1986 3362 Deum
2008 3312 2050 3356 ex
2074 3280 2137 3356 illa

95 3387 398 3484 derelinquenda
423 3401 525 3468 sunt,
556 3400 592 3458 et
615 3387 810 3480 quaerendi
830 3388 893 3457 alii
916 3389 1088 3469 doctores,
1135 3411 1197 3458 sua
1218 3409 1345 3458 arcana
1370 3387 1452 3457 sede
1468 3387 1660 3480 prodiisse,
1682 3403 1724 3460 ut
1744 3391 1910 3482 ambigua
1928 3389 2021 3459 dicta
2036 3411 2138 3480 spar-

96 3493 154 3584 qui
169 3490 389 3584 perspicuam
404 3499 439 3558 et
456 3488 592 3560 firmam
611 3485 809 3559 doctrinam
825 3491 984 3566 tradunt.
1030 3486 1089 3576 At,
1134 3500 1250 3579 geret,
1280 3501 1315 3560 et
1345 3490 1466 3580 generi
1493 3485 1652 3562 humano
1682 3503 1853 3585 tanquam
1873 3492 1995 3588 μῆλον
2017 3484 2139 3587 ipatius

97 3617 216 3684 magna
233 3603 409 3684 exparte,
429 3589 619 3688 inquiunt,
643 3591 832 3680 obscurus,
856 3586 1089 3682 ambiguuset
1135 3592 1315 3666 obiiceret.
1376 3587 1446 3662 Sed
1479 3592 1518 3660 ia
1551 3589 1830 3682 lege-indicium
1865 3607 1899 3666 et
1931 3593 2021 3662 iram
2053 3615 2138 3662 vere

97 3695 328 3788 aenigmatum
348 3692 484 3786 'similis
496 3705 567 3778 est,
589 3705 650 3764 aut
672 3717 903 3792 numerorum
918 3691 1090 3781 Platonis,
1135 3693 1277 3785 agnosci
1293 3691 1425 3779 voluit,
1441 3693 1480 3762 iu
1499 3690 1793 3785 promissionibus
1809 3695 1968 3789 conspici
1985 3695 2141 3764 immen-

96 3786 392 3875 sermoeoelestis.
443 3791 566 3888 ltaque
581 3791 610 3862 si
627 3795 788 3866 doctriua
807 3795 1089 3890 quaeritur,gn-
1133 3804 1210 3866 earn
1224 3795 1420 3868 bonitatem
1440 3792 1787 3868 etmisericonliam:
1809 3823 1898 3893 quas
1913 3792 2006 3868 hauc
2021 3797 2137 3890 ipsam

93 3891 268 3973 bernatrix
285 3897 399 3981 vitae,
423 3907 520 3967 certa·
534 3909 569 3966 et
585 3895 684 3966 finna
699 3911 938 3990 proponatur,
956 3897 1089 3972 relictis
1136 3899 1184 3968 ob
1213 3917 1357 3968 causam
1381 3899 1563 3991 patefecit,
1596 3922 1642 3971 ne
1664 3905 1781 3973 totum
1804 3920 1915 3991 genus
1938 3896 2137 3971 humanum

91 3999 162 4072 iilis
183 3991 409 4098 labyrinthis.
466 3995 642 4068 Novimus
667 3993 776 4090 igitur
799 3999 991 4094 quosdam,
1016 3999 1090 4098 qni,
1135 3999 1617 4092 pemerz·aeeotutr·notsm
1635 4023 1709 4072 esse
1729 4004 2066 4074 suamvoluntatem
2093 4001 2140 4068 de

87 4126 233 4193 prorsus
253 4095 400 4194 abiectis
427 4097 530 4172 libris
550 4093 810 4194 Prophetarum
838 4113 873 4174 et
898 4097 1090 4198 Apostolo·
1136 4097 1329 4172 mediatore
1349 4102 1448 4188 filio,
1474 4106 1519 4173 de
1534 4103 1843 4188 reconciliatione,
1869 4107 1914 4176 de
1930 4104 2139 4176 remissione

88 4228 189 4292 rum,
205 4204 251 4276 'in
266 4199 407 4298 templis
424 4201 469 4274 ad
487 4203 635 4274 verbum
659 4203 874 4276 enarrabant
887 4199 1090 4276 Aristotelis
1136 4217 1376 4297 peccatorum,
1417 4207 1635 4277 deventum
1661 4207 1815 4292 indicio,
1846 4208 1893 4277 de
1913 4204 2139 4278 restitrnione
2217 4225 2219 4230 ’

86 4301 223 4398 ethica,
246 4319 281 4378 et
302 4325 415 4398 pauca
437 4301 482 4375 de
504 4305 714 4378 ceremoniis
729 4300 1088 4400 addebant,'sumpta
1136 4308 1230 4376 vitae
1245 4322 1420 4380 aeternae.
1470 4306 1616 4378 Cn‘m'in
1634 4299 1754 4380 schola
1771 4309 1945 4401 interpres
1967 4307 2055 4378 artis
2069 4303 2140 4373 ali·

85 4429 106 4476 a
128 4405 408 4492 consuetudine,
433 4429 581 4502 eamque
602 4405 756 4480 docendi
778 4409 929 4480 formam
952 4407 1090 4479 iudica·
1135 4408 1236 4480 errius
1260 4411 1411 4479 obscure
1437 4411 1559 4496 docet,
1593 4425 1655 4481 ant
1683 4411 1814 4501 spargit
1839 4410 2008 4498 ambigue
2029 4408 2139 4490 dieta,

84 4505 175 4589 baut
190 4508 414 4593 utilissimam
438 4533 523 4588 esse.
554 4505 652 4580 Haec
668 4525 922 4604 exaggerantur
934 4531 1091 4582 comme-
1135 4510 1358 4581 desideratur
1374 4513 1413 4580 iu
1428 4513 1576 4582 docente
1590 4513 1655 4581 uel‘
1666 4513 1825 4582 eruditio
1843 4509 2012 4583 vci‘iides.
2062 4505 2139 4578 Neo

83 4615 285 4712 moratione
300 4607 529 4686 horribilium
543 4611 797 4698 certaminum,
816 4637 906 4707 quae
921 4613 1090 4684 omuibus
1135 4612 1289 4684 dubium
1311 4623 1382 4700 est,
1415 4613 1593 4704 sapientes
1615 4627 1648 4684 et
1673 4613 1794 4685 fideles
1816 4615 1978 4684 doctores
1999 4608 2139 4704 praeci-

82 4708 428 4803 secuiisinEeciesia
441 4712 648 4791 extiterunt:
665 4713 801 4812 quaesi
817 4727 997 4787 nonesset
1013 4739 1090 4788 am·
1134 4739 1206 4812 pue
1225 4714 1265 4786 iu
1282 4707 1374 4783 hanc
1395 4737 1514 4784 carram
1539 4707 1765 4802 incumbere,
1789 4727 1831 4786 ut
1846 4711 2052 4808 planissime
2069 4712 2140 4783 do·

80 4811 215 4912 biguns
227 4818 344 4893 sermo
362 4810 525 4902 divinus,
550 4817 637 4888 oriri
654 4841 729 4886 uon
744 4815 901 4910 potuisse
912 4817 1089 4892 videntur.
1135 4827 1238 4888 mont
1253 4827 1288 4885 et
1303 4815 1445 4886 tradant
1459 4829 1590 4886 certam
1609 4832 1643 4888 rt
1661 4819 1760 4910 qrrasi
1777 4815 1882 4890 metis
1899 4839 1940 4887 ac
1950 4813 2059 4908 septis
2076 4814 2139 4884 in-

79 4911 424 5014 Curlitigati'aulus
433 4911 571 5010 delegis
585 4941 653 4988 usu
666 4915 968 5004 cumPharisaeis,
986 4919 1016 4988 si
1027 4941 1088 4990 ex·
1134 4917 1268 4988 clusam
1285 4918 1505 5000 doctrinam,
1533 4943 1579 4987 ne
1602 4920 1812 5011 ambiguitas
1832 4941 1989 4990 errorem
2012 4915 2139 5010 pariat.

76 5015 1088 5120 pressaesteademdoctrinainconcionibusPropbeta-
1134 5015 1216 5092 Non
1245 5016 1498 5110 potestantem
1521 5020 1597 5092 Due
1622 5021 1736 5091 tribui
1759 5020 1914 5093 inscitia:
1944 5031 2060 5115 potest
2080 5014 2140 5087 di-

74 5125 182 5198 rum?
200 5121 560 5212 'CurSamosatenus,
584 5114 694 5194 Arius
708 5119 820 5196 etalii
834 5137 978 5194 movent
992 5121 1086 5194 bella
1134 5123 1376 5208 serte'dicere,
1400 5147 1495 5215 qrrae
1516 5123 1661 5213 cogitat,
1687 5137 1818 5196 etcum
1842 5123 2015 5194 immensa
2031 5121 2139 5192 mise·

75 5223 125 5300 de
140 5225 305 5314 filinDei,
319 5219 458 5310 sinihil
472 5230 525 5297 esi
540 5219 766 5298 obscuritatis
782 5221 822 5294 in
837 5217 1088 5319 scrtpttsdpo-
1133 5223 1287 5294 ricordia
1309 5225 1447 5318 generis
1470 5220 1618 5296 immani
1642 5226 1869 5310 adficeretur,
1902 5225 2018 5294 voluit
2044 5235 2139 5292 eene

76 5324 285 5406 ⁸tolo'rrinil
325 5330 332 5340 ’
380 5333 414 5346 ”
1018 5393 1075 5406 .,
1134 5325 1395 5400 consolatiories
1420 5353 1493 5398 non
1517 5327 1701 5420 ambiguas
1715 5335 1800 5402 e'sse.
1851 5323 2002 5418 Quoties
2019 5319 2140 5398 Abra-

183 5433 257 5508 Sed
273 5426 331 5502 his
346 5429 564 5523 argumentis
578 5428 683 5500 initio
699 5451 844 5522 oppono
865 5427 1003 5505 illustre
1026 5453 1088 5500 ex·
1133 5421 1280 5500 Mum
1302 5450 1410 5523 quam
1435 5430 1569 5499 blande
1591 5427 1807 5526 alloquitur,
1832 5429 1975 5526 quoties
1997 5425 2138 5496 easdem

68 5535 261 5634 mptum,
274 5535 382 5630 quod
403 5533 577 5616 ostendit,
600 5531 793 5609 ornamina
815 5555 890 5604 nun
905 5555 1044 5626 semper
1065 5555 1087 5604 a
1123 5531 1394 5606 consolatores
1418 5531 1566 5629 repetit,
1598 5546 1639 5608 ut
1665 5545 1700 5606 et
1722 5532 1841 5629 ipsum
1867 5543 1902 5606 et
1933 5528 2142 5604 universam
