4614 6226
107 4369 111 4376 ι
238 4286 354 4360 tiones
376 4281 422 4352 ad
455 4277 689 4350 constantiam
716 4287 750 4345 et
772 4273 1025 4344 confessionem
1049 4266 1237 4358 Evangelii

797 321 1240 408 urtsronattuu
1291 331 1400 416 utu.
1428 329 1495 416 xl.
1545 327 1683 413 1649.
2165 339 2223 418 ut

310 491 1218 666 pqtrqrqpmqqqfflflpuffffillgfflwlffflfflffij
1268 515 1346 578 tum
1369 505 1529 630 scriptis,
1554 519 1590 580 et
1609 507 1673 604 qui
1695 501 1872 630 Ecclesias
1894 520 2030 580 nostras
2049 505 2227 634 insuauia

316 649 398 706 mu...
415 665 490 702 vans
532 661 586 700 ase
599 659 663 700 eam
682 633 985 694 ‹totsnneonsernmn
1019 633 1098 704 (sm
1113 637 1177 692 1020
1189 643 1218 688 et
1268 609 1360 682 bene
1382 623 1592 684 constitutas
1615 611 1765 682 consrbo
1780 623 1816 682 et
1832 633 1939 704 opera
1956 624 2064 682 vestra
2086 625 2128 683 rta
2148 628 2227 686 msu-

317 717 461 846 222¹ssss
495 681 597 772 luta
614 708 704 786 1²⁶0·
720 705 841 764 stidore
855 703 1217 780 uenusmqoeeptnoum
1268 713 1405 800 luistis,
1428 725 1480 784 ut·
1495 714 1535 784 in
1558 707 1614 784 his
1636 708 1807 784 hactenns
1828 735 1967 806 semper
1982 717 2228 786 conservatussit

444 824 453 842 ⁹
737 911 739 918 Ι
844 843 849 851 ·
1269 836 1430 886 summus
1444 813 1484 884 in
1499 815 1661 886 docendo
1677 837 1887 904 consensus,
1911 827 1947 886 et
1960 811 2176 886 Ecclesiastici
2190 819 2228 886 ri·

697 931 743 1016 Α,
891 985 894 996 ,
1270 930 1327 988 tus
1344 917 1488 1004 ordine,
1511 917 1758 990 decentissime
1774 917 1813 987 in
1828 915 2112 1012 tranquillitatem
2125 919 2228 1012 ubique

217 1061 1220 1184 (petraniquamsananaraonem.)
1271 1013 2230 1216 tt'‘ltlti‘tltuitiati?‘attiltrl‘ttlt

221 1221 272 1316 S.
299 1245 334 1304 et
360 1228 406 1304 G.
433 1229 470 1297 in
493 1223 573 1298 lesu
587 1217 731 1295 Christo
746 1219 904 1294 Domino
921 1233 1055 1292 nostro.
1108 1215 1217 1288 Vere-
1272 1226 1496 1320 libenterque
1522 1221 1561 1292 in
1589 1237 1771 1315 posterum
1794 1223 2046 1303 custodiemus,
2077 1223 2230 1294 adiurante

220 1360 322 1422 mur,
346 1355 391 1404 ne
410 1327 583 1401 modestia
597 1341 633 1399 et
654 1323 868 1396 verecundia
893 1324 932 1392 in
955 1321 1060 1393 nobis
1082 1319 1222 1390 deside·
1271 1321 1427 1402 Christo.
1478 1321 1528 1398 Ut
1544 1337 1663 1396 antem
1679 1319 1747 1396 hoc
1764 1325 1893 1396 melius
1907 1338 1941 1397 et
1955 1325 2088 1396 felicius
2102 1325 2169 1410 hat,
2189 1349 2233 1394 ne·
2279 1343 2281 1384 ³

221 1439 298 1510 rari
330 1433 459 1528 possit,
495 1427 700 1504 Revereudi
732 1425 1000 1526 Praeceptores,
1032 1423 1129 1518 quod
1163 1415 1220 1490 his
1272 1447 1365 1500 cesse
1378 1439 1446 1514 est,
1468 1439 1510 1498 ut
1524 1439 1639 1498 vestra
1661 1427 1872 1498 subsidiaria
1891 1451 1997 1518 opera
2018 1427 2172 1497 muniatis
2183 1422 2233 1494 Er·
2279 1497 2281 1522 Ι

223 1535 448 1630 temporibus
477 1529 748 1614 infellclfflffllts
788 1526 973 1598 laboribus
995 1537 1030 1596 el
1050 1523 1222 1594 molestiis
1273 1529 1397 1602 elesius
1418 1551 1439 1600 a
1457 1527 1564 1599 uobis
1585 1527 1750 1622 inprimis
1766 1527 2023 1616 exaedificatas,
2048 1539 2082 1599 et
2098 1527 2233 1620 praeseri

222 1640 357 1736 plenis,
383 1637 464 1732 plus
484 1633 649 1704 laborum
668 1643 702 1702 et
715 1628 960 1700 molestiarum
981 1626 1084 1699 vobis
1106 1625 1223 1720 impo-
1274 1632 1345 1726 ptis
1359 1627 1616 1704 Ecclesiasticis
1630 1629 1944 1703 constitutionibus
1959 1625 2233 1703 aPoutiliciadso-
2280 1643 2281 1646 ’

222 1743 362 1826 nimus,
387 1737 595 1830 animosque
613 1747 749 1804 vestros
769 1731 980 1804 iamdudum
1000 1727 1224 1798 moeroribus
1276 1727 1337 1829 ξίᾳ
1350 1732 1518 1806 servitute
1534 1746 1571 1804 et
1583 1731 1764 1826 impietate
1781 1745 1930 1804 assertas
1946 1747 1982 1804 et
2000 1731 2194 1814 vindicatas,
2212 1741 2234 1798 et
2280 1715 2281 1796 l

180 1869 186 1883 *
223 1861 260 1919 et
275 1841 441 1940 periculis
459 1837 620 1930 undique
635 1845 858 1930 oppugnatos
881 1845 916 1904 et
929 1844 1090 1922 gravatos
1113 1825 1223 1920 magis
1275 1848 1427 1906 vestram
1444 1833 1656 1906 senteutiam
1670 1833 1714 1904 de
1727 1829 1943 1927 Adiapboris
1957 1831 2121 1906 Ecclesiis
2135 1853 2235 1925 propo·

225 1967 433 2026 oneramus,
458 1959 548 2036 quos
574 1935 702 2008 iustius
719 1934 896 2007 consolari
912 1947 947 2006 et
968 1931 1099 2022 erigere
1116 1955 1225 2024 opor·
1270 1934 1387 2024 natis,
1417 1933 1458 2006 in
1483 1959 1553 2030 qna
1576 1937 1656 2029 piae
1685 1949 1819 2006 mentes
1843 1935 1981 2026 possint
1999 1935 2195 2030 acquiescere
2210 1931 2234 1998 in

225 2051 333 2122 tebat.
368 2041 603 2128 ¹Conlidimus
615 2052 736 2110 tamen
754 2059 818 2107 vos
835 2035 873 2104 in
890 2035 1072 2104 meliorem
1088 2047 1223 2128 partem
1277 2035 1344 2110 hae
1366 2036 1581 2110 iudiciorum
1606 2037 1783 2108 varietate.
1834 2033 1913 2108 Hoc
1933 2037 2004 2108 nisi
2025 2037 2166 2108 feceritis
2179 2057 2236 2126 pro·

226 2173 301 2222 esse
327 2160 531 2239 accepturos
551 2154 710 2212 nostram
733 2137 916 2208 audaciam
939 2150 973 2209 et
993 2129 1086 2206 hanc
1104 2133 1224 2227 potius
1277 2144 1368 2212 lecto
1393 2141 1490 2234 apud
1505 2163 1581 2210 nou
1602 2139 1968 2232 paucosdiscindetur
1983 2161 2175 2218 cousensus,
2195 2132 2236 2226 qni
2280 2119 2281 2142 ¹

225 2256 464 2346 imputaturus
478 2241 699 2338 temporibus
716 2239 951 2322 turbulentis,
977 2250 1012 2308 et
1026 2236 1225 2308 communi·
1278 2245 1317 2313 in
1332 2237 1501 2314 Ecclesiis
1512 2243 1603 2312 bene
1619 2241 1794 2312 ordinatis
1809 2236 1979 2312 hactenus
1993 2241 2081 2326 luit,
2100 2237 2199 2310 omnia
2211 2235 2236 2302 ia

225 2359 296 2426 bus
309 2345 486 2423 Ecclesiae
498 2341 666 2440 perieulis
682 2366 722 2413 ac
736 2339 1011 2424 calamitatibus,
1036 2361 1143 2433 quam
1157 2362 1225 2406 no·
1279 2341 1429 2434 singulis
1453 2343 1699 2434 implebuntur
1720 2341 1936 2414 lectionibus
1952 2357 1987 2414 et
2011 2341 2171 2424 dissidiis,
2191 2332 2237 2406 ho·

227 2459 303 2540 bis,
323 2475 414 2548 quae
433 2451 477 2521 ab
497 2446 620 2520 invitis
642 2440 735 2516 hanc
753 2441 980 2534 scriptionem
995 2451 1226 2512 extorserunt.
1278 2447 1387 2518 stium
1400 2439 1534 2518 Christi
1550 2443 1779 2536 improbitas,
1805 2439 1872 2514 hac
1896 2445 2127 2516 inclinatione
2145 2443 2180 2512 ad
2192 2433 2236 2506 he

226 2555 347 2632 Etiam
380 2553 521 2622 veniam
553 2547 749 2618 merebitur
781 2557 903 2616 nostra
930 2543 1092 2627 audacia,
1127 2541 1224 2634 quod
1281 2551 1349 2619 stes*
1382 2560 1524 2617 nostros
1557 2547 1661 2615 valde
1694 2545 1880 2635 augebitur
1912 2559 1948 2616 et
1977 2541 2233 2616 corroborabitur·

227 2650 430 2732 communis
453 2653 547 2724 salus
568 2647 744 2720 Ecclesiae
767 2645 805 2716 in
830 2639 902 2730 his,
929 2669 1018 2739 quae
1041 2641 1228 2715 scribimus
1283 2649 1365 2720 [deo
1380 2670 1523 2726 oramus
1539 2643 1646 2743 vos¹)
1664 2671 1726 2738 per
1739 2645 1807 2717 Dei
1824 2647 2105 2719 misericordiam
2129 2637 2235 2716 euseri-

229 2787 271 2836 ac
286 2759 456 2852 petimus,
471 2767 629 2824 vestrum
645 2749 797 2834 clarum,
817 2747 1029 2838 explicatum
1045 2757 1228 2816 etcertum
1282 2763 1407 2836 tatem,
1441 2771 1511 2843 qua
1531 2749 1642 2820 erexit
1664 2744 1799 2824 Christi
1820 2771 1967 2839 regnum
1994 2763 2030 2822 et
2053 2748 2186 2820 Satanae
2203 2754 2239 2832 ty·

229 2861 403 2936 indicium
425 2853 602 2950 requirat,
627 2852 720 2948 qnod
740 2862 908 2944 sequatur
928 2847 968 2918 in
989 2845 1229 2918 controversia
1281 2849 1467 2922 rannidem
1491 2849 1633 2936 evertit,
1653 2847 1848 2922 Ecclesiam
1866 2865 2041 2944 perpetuo
2063 2845 2202 2922 defendit
2217 2861 2239 2906 at

231 2966 314 3050 illa,
348 2983 438 3054 quae
458 2953 584 3046 agitari
606 2965 729 3044 coepta
751 2965 802 3022 est
833 2951 877 3020 de
902 2943 1137 3042 Adiaphoris,
1162 2947 1229 3017 sub
1282 2965 1415 3039 servat,
1436 2966 1478 3024 ut
1494 2952 1619 3022 ineatis
1637 2951 1846 3040 consilium,
1873 2977 1914 3024 ae
1929 2953 2115 3046 reperiatis
2128 2947 2235 3022 ratione

257 3087 386 3138 uorum
402 3061 515 3153 specie
533 3049 642 3126 hodie
658 3053 785 3146 passim
808 3051 940 3122 multae
961 3049 1174 3122 mutationes
1191 3049 1230 3118 in
1283 3053 1517 3127 conservandi
1539 3051 1779 3124 Ecclesiarum
1812 3053 2117 3136 incolumitatem,
2148 3039 2240 3121 consti·

231 3093 409 3244 Ecclesias
431 3160 565 3254 optime
589 3155 796 3228 constitutas
819 3147 1014 3238 invehunt,
1036 3166 1077 3222 ut
1097 3151 1231 3221 labefa—
1283 3157 1459 3252 tuatisque
1482 3168 1612 3226 certam
1630 3157 1840 3226 sententiam
1858 3159 1902 3227 de
1916 3153 2151 3250 Adiaphoris,
2172 3163 2243 3246 quan
2279 3235 2280 3240 p

133 3312 143 3328 ‚
232 3283 350 3343 otetur
364 3276 399 3335 et
412 3273 588 3334 evertatur
602 3253 758 3354 optimus
770 3277 880 3350 purae
894 3269 1033 3326 nostrae
1046 3251 1230 3343 religionis
1285 3258 1433 3354 quisque
1448 3255 1544 3327 salva
1562 3257 1775 3327 conscientia
1789 3260 1888 3350 sequi
1911 3261 2024 3350 possit
2048 3261 2114 3329 sub
2133 3251 2181 3326 his
2202 3249 2280 3352 pst-l

232 3384 362 3452 status,
381 3377 422 3436 ut
436 3363 543 3435 astuti
558 3373 594 3434 et
608 3360 698 3432 valri
714 3359 858 3454 quidam
875 3349 1038 3427 homines
1052 3353 1231 3448 potentio·
1286 3361 1361 3451 gnis
1385 3375 1419 3432 et
1440 3353 1665 3454 periculis²).
1721 3355 1880 3429 Ecclesia
1906 3362 2040 3452 passim
2066 3358 2166 3432 habet
2187 3353 2280 3442 piot}

235 3495 318 3548 rum
333 3469 473 3540 favores
494 3479 527 3535 et
543 3485 606 3534 sua
620 3461 807 3534 commoda
829 3471 1008 3554 captantes
1031 3481 1071 3527 eo
1092 3453 1232 3527 facilins
1264 3499 1268 3508 ,
1286 3467 1405 3533 doctos
1422 3474 1456 3532 et
1470 3461 1633 3530 cordatos
1649 3459 1762 3544 viros,
1780 3463 1842 3554 qui
1856 3457 1921 3530 hae
1934 3461 2170 3534 controversia
2185 3457 2246 3524 bene

234 3575 410 3666 Papatum
423 3580 535 3641 astute
548 3577 582 3636 et
596 3577 686 3636 tecte
700 3555 872 3633 revehant
892 3559 1063 3652 paulatim
1079 3557 1151 3628 suis
1168 3558 1234 3626 do·
1286 3565 1462 3634 intellecta
1481 3561 1592 3632 animi
1616 3563 1850 3632 constantiam
1874 3557 2157 3636 adiuvante'Deo
2177 3573 2247 3650 prat·

233 3677 298 3760 lis,
324 3668 392 3742 hoc
406 3683 474 3756 est,
500 3665 750 3740 commentitiis
764 3657 1063 3754 suisAdiaphoris
1080 3673 1231 3730 vestram
1286 3667 1430 3736 stabunt
1445 3665 1483 3732 in
1498 3665 1649 3733 tenenda
1665 3665 1819 3754 puritate
1829 3679 1971 3735 nostrae
1985 3651 2248 3758 religiosulu-

168 3816 171 3824 »
236 3771 497 3857 auctoritatem,
528 3791 740 3839 consensum
761 3779 796 3836 et
818 3764 1106 3854 suffragationem
1129 3783 1233 3853 prae·
1288 3769 1527 3857 labunturque
1553 3789 1593 3833 ex
1618 3767 1727 3834 verbo
1744 3763 1812 3835 Dei
1834 3779 1974 3837 ostensa
1996 3785 2113 3841 vestra
2128 3755 2250 3836 consilis

169 3942 172 3950 .
235 3887 362 3952 texunt
376 3875 449 3946 suis
464 3873 670 3956 conatibus,
695 3865 831 3962 haeque
853 3867 980 3936 astutia
998 3861 1233 3934 vehementis·
1286 3873 1327 3938 ad
1346 3866 1648 3937 conservationem
1658 3861 1894 3938 Ecclesiarmu
1909 3870 2015 3940 utilia
2030 3883 2065 3942 et
2082 3855 2251 3939 necessari&

136 4013 139 4020 Δ
237 3981 326 4054 sime
353 3976 550 4070 percellunt
579 3996 619 4042 ac
639 3971 851 4042 labefactant
875 3967 1070 4038 multorum
1091 3966 1233 4057 piorum
1285 3969 1364 4042 Nisi
1398 3965 1456 4037 hic
1478 3991 1542 4036 ceu
1566 3971 1611 4037 ad
1635 3969 1831 4040 sistendum
1863 3971 2051 4062 publicum
2081 3962 2251 4040 incendium

237 4081 396 4164 animos,
419 4073 597 4148 Ecclesias
619 4073 784 4152 turbant,
810 4071 853 4139 ad
878 4069 1110 4139 delectionem
1132 4065 1235 4134 inlle-
1287 4085 1438 4143 vestram
1453 4093 1595 4160 operam
1610 4072 1851 4157 contuleritis,
1865 4067 2026 4144 Ecclesia
2042 4075 2252 4144 damnumst·

238 4195 357 4268 ctunt,
378 4194 412 4251 et
427 4177 648 4248 eruditorum
663 4174 876 4265 piorumque
891 4171 1051 4240 virorum
1067 4164 1236 4238 adhorta·
1288 4173 1412 4266 cipiet,
1438 4173 1535 4266 qnod
1550 4177 1734 4268 nunquam
1749 4173 1967 4247 resarciatur,

1318 4335 1319 4342 ¹
1390 4305 1464 4380 Nos
1492 4307 1623 4378 scimus
1644 4331 1707 4378 vos
1735 4309 1775 4378 in
1803 4333 1842 4379 ea
1865 4333 1936 4381 esse
1956 4309 2156 4396 sententia,
2187 4295 2256 4400 quod

1288 4411 1406 4505 potius
1420 4411 1558 4494 velitis,
1583 4409 1705 4494 exilia,
1731 4411 1968 4502 direptionem
1984 4413 2182 4492 bonorum,
2203 4421 2256 4470 cat·

1289 4513 1377 4586 ceris
1400 4526 1435 4584 et
1450 4511 1592 4608 quaevis
1608 4511 1780 4604 supplicia
1795 4515 1905 4598 ferre,
1930 4537 2041 4608 qnam
2060 4517 2099 4584 in
2116 4505 2258 4584 doctrin.

1289 4611 1459 4686 hactenus
1481 4637 1568 4708 pure
1591 4615 1720 4684 tradita
1734 4613 1810 4684 sitis
1825 4615 1882 4684 vel
1899 4617 2093 4688 minimum
2110 4599 2260 4684 mutaturi

1288 4717 1452 4810 ollasque
1493 4717 1710 4808 corruptelas
1744 4739 1850 4807 purae
1883 4717 2072 4788 doctrinae
2106 4699 2261 4804 recepturi

1289 4817 1359 4890 Hie
1376 4815 1628 4889 adsentiuntur
1642 4818 1747 4886 nobis
1761 4841 1884 4886 omnes
1900 4817 1949 4909 pii
1964 4819 2101 4902 animi,
2126 4838 2187 4886 nec
2201 4825 2260 4902 pot·

1290 4935 1373 4992 sunt
1395 4919 1601 5003 dissentire,
1624 4919 1687 5014 qui
1709 4943 1808 5011 spem
1833 4920 1955 4990 salutis
1979 4919 2021 4990 in
2041 4915 2182 4992 Christo
2201 4927 2262 5000 prt·

1289 5023 1416 5092 missae
1431 5033 1515 5092 sunt
1530 5021 1714 5090 retenturi.
1764 5017 1818 5090 De
1836 5020 2000 5092 doctrina
2026 5021 2067 5090 in
2083 5017 2262 5110 Augustttt⁰

1292 5136 1469 5196 conventu
1495 5121 1583 5192 olim
1613 5123 1771 5192 consessa
1797 5123 1899 5192 nulla
1923 5137 2010 5195 sunt
2038 5124 2132 5194 inter
2151 5125 2262 5188 uostr⁰⁵

238 4381 376 4460 Christi
401 4393 589 4464 enervant,
622 4378 796 4470 planeque
829 4373 1023 4444 inefficaces
1050 4386 1084 4442 et
1115 4370 1236 4439 irritas

241 4489 337 4581 apud
360 4477 493 4556 multos
513 4481 680 4552 reddunt.
737 4473 925 4570 Eruntque
948 4473 1173 4545 nocentiores
1198 4470 1237 4537 in

238 4585 396 4662 Ecclesia
410 4581 544 4656 Christi
559 4595 688 4675 pestes,
714 4603 821 4674 quarn
835 4601 994 4672 unquam
1010 4575 1238 4663 Pseudoapo-

242 4693 325 4764 stoli
341 4703 376 4760 et
392 4679 725 4776 Pseudoprophetae
737 4683 901 4763 fuerunt,
917 4679 1123 4770 dabuntque
1137 4675 1239 4744 dam-

242 4818 331 4864 num
360 4787 605 4880 gravissimum
633 4779 830 4866 Ecclesiae,
872 4781 943 4849 nisi
973 4771 1029 4848 his
1067 4777 1171 4846 malis
1206 4787 1240 4844 et

243 4892 417 4986 improbis
433 4890 617 4960 conatibus
631 4886 670 4954 in
688 4899 845 4976 tempore
861 4881 1005 4952 obviam
1024 4879 1116 4952 itum
1132 4877 1240 4948 fuerit

243 4994 405 5078 avobis,
429 4991 492 5086 qui
514 4989 720 5060 auctoritate
743 4999 778 5057 et
797 4983 998 5056 eruditione
1019 4979 1240 5072 praecellitis,

157 5093 161 5100 ¹
242 5121 400 5194 ,qnorum
423 5095 510 5162 lides
534 5105 569 5161 et
592 5089 773 5180 integritas
794 5082 963 5158 omnibus
979 5097 1114 5174 semper
1134 5094 1241 5152 testa-

243 5200 379 5278 tissima
398 5196 486 5280 suit,
519 5205 555 5262 et
575 5193 638 5286 qui
657 5205 737 5284 post
757 5191 803 5262 D.
820 5183 883 5261 M.
904 5177 1131 5267 bulherum,
1159 5203 1242 5251 san-

245 5301 442 5374 ctissimum
465 5296 581 5366 virum
608 5294 803 5375 sincerum,
833 5289 944 5359 lidum
959 5299 995 5358 et
1020 5297 1242 5356 constantem
1296 5313 1523 5331 ----

243 5427 352 5498 purae
368 5399 550 5471 doctrinae
566 5409 599 5465 et
613 5394 689 5464 veri
703 5393 817 5462 divini
832 5392 948 5462 cultos
970 5391 1241 5458 instauratorem
1329 5427 1358 5492 ί)
1375 5423 1452 5478 Μ
1466 5437 1533 5488 m,
1554 5418 1628 5486 quoa
1642 5418 1804 5474 mendosum
1820 5417 1916 5474 astes.
1964 5379 1971 5386 ’

247 5527 287 5576 ²⁶
301 5513 617 5596 Pml’ugnalmma
644 5491 840 5568 Ecclesiam
854 5492 1024 5600 ll⁰c¹1l⁵ll³
1047 5513 1128 5562 cum
1143 5509 1242 5572 V⁰C²s
1264 5565 1270 5574 ,
1328 5513 1361 5581 2)
1378 5510 1476 5566 Tertor
1495 5495 1636 5576 bichabst
1653 5519 1778 5574 comens,
1798 5503 1843 5560 sed
1857 5505 1938 5579 plene
1957 5503 2202 5580 interpungendum
2217 5497 2253 5546 ²⁸¹·
