4614 6226
67 335 136 412 su
285 293 289 303 ’
631 329 1063 419 nerssouanuu
1118 328 1235 410 ern.
1272 329 1338 407 x1.
1400 281 1535 404 rste.
2028 335 2106 415 aro

69 505 269 596 tutamina5
310 528 377 578 nee
398 497 473 578 ulla
494 503 729 598 amldguitas..
770 504 851 580 Sed
867 507 912 580 de
939 527 1057 581 susce
1105 497 1218 577 solva
1242 497 1429 588 doctrino,
1466 518 1577 596 utque
1598 504 1789 594 praecipue
1812 500 1980 596 explicet,
2016 506 2104 600 quid

66 612 177 705 ptione
194 601 489 702 Adiaphororum
505 621 625 686 tamen
641 610 841 702 discrepant
856 607 999 684 iudicia.
1027 671 1031 690 ,
1105 599 1312 696 Adiaphora
1329 605 1509 699 appellitet
1525 630 1544 674 e
1561 607 1754 696 diplomate
1767 606 1978 680 concordiae
1988 603 2105 678 luter-

154 707 373 798 Existimant
385 709 492 783 multi
507 734 571 804 vos
586 711 759 796 inilirure
778 713 824 794 ed
837 707 1057 808 illornmniu-
1105 701 1228 778 bachii
1246 708 1358 780 iactae
1381 733 1488 798 super
1516 707 1823 780 observationibus
1845 703 2102 785 Ecclesiasticis

75 813 162 900 dicia,
177 811 459 906 quiexistimaut
474 806 934 895 satiusesseservitutemin
944 804 1057 883 'Adia-
1104 810 1283 906 teutonice
1311 805 1397 882 haec
1419 811 1525 880 verba
1557 810 1680 882 latinis
1708 809 1893 882 admiscet:
1943 803 2041 884 Und
2061 807 2101 880 in

74 911 178 1011 phocis
192 916 306 1000 ferre,
328 939 437 1010 quam
453 911 613 997 deserere
627 911 804 995 Ecclesiae
819 938 900 984 suas
912 903 1056 1006 propter
1104 905 1371 1005 Mttetdtngm
1393 908 1580 982 soliman
1605 907 1702 984 alles
1723 905 1873 996 talen,
1890 909 1970 994 ‚wie
1991 906 2102 982 esdie
2217 912 2222 920 ’

73 1031 199 1090 restam
212 1007 438 1110 leves,quod
454 1009 739 1112 existimetisuhae
752 1017 920 1088 servitute
933 1011 977 1086 ab
992 1037 1056 1104 au·
1104 1007 1207 1109 alim
1232 1005 1393 1108 heiligen
1421 1009 1465 1088 V
1458 1013 1539 1082 citer
1564 1005 1741 1108 galatim·
1768 1007 1913 1100 haben,
1945 1009 2028 1084 und
2043 1011 2101 1113 jc-

71 1121 106 1192 lis
126 1119 304 1211 imposita.
352 1113 526 1191 Ecclesias
548 1119 639 1192 bene
659 1117 953 1210 institutasposse
970 1140 1057 1198 con-
1104 1135 1167 1186 ncs
1182 1109 1220 1184 Τ
1219 1108 1299 1184 dail
1305 1111 1461 1212 sitziger
1477 1109 1562 1184 Zcit
1577 1110 1674 1186 auat
1689 1107 1784 1186 noch
1803 1105 1897 1188 tate.
1987 1157 1996 1180 .
2189 1205 2191 1212 Α

68 1221 207 1308 auvari,
222 1220 358 1316 quaesi
370 1219 479 1292 semel
496 1221 751 1308 desererentur,
766 1220 930 1292 venirent
944 1215 1057 1308 iupo-
1135 1293 1143 1298 ,
1203 1214 1273 1288 Hic
1291 1241 1418 1314 quaeso
1434 1219 1618 1304 attendite,
1632 1215 1944 1290 observandissimi
1960 1215 2100 1286 domini

68 1337 215 1396 testatem
230 1321 347 1420 Papae
364 1336 827 1442 prorsusguevastarentur.
879 1314 1056 1408 Intelligi-
1103 1314 1369 1410 Praeceptores,
1396 1321 1576 1414 quomodo
1598 1316 1719 1392 callidi
1739 1314 1919 1398 homines,
1953 1318 2016 1412 qui
2040 1339 2100 1386 su-

68 1449 138 1498 mus
159 1418 227 1494 hoc
248 1423 437 1501 consilium
451 1423 519 1506 niu
538 1423 612 1494 suis
627 1424 840 1520 quibusdam
856 1419 1055 1495 rationibus
1102 1420 1345 1510 perstitionem
1372 1419 1584 1514 Papistieam
1617 1421 1756 1493 restitui
1789 1420 1953 1514 cupiunt,
1983 1407 2100 1490 'vestra

70 1543 100 1600 et
109 1528 143 1596 id
159 1526 329 1620 spectari,
352 1537 394 1596 ut
412 1525 575 1598 ardorum
598 1527 718 1596 lavore
734 1539 768 1596 et
785 1521 983 1618 patrocinio
997 1547 1056 1594 re-
1103 1521 1211 1594 verba
1226 1523 1270 1592 de
1285 1523 1432 1594 ferenda
1447 1525 1616 1600 servitute
1630 1522 1668 1592 in
1688 1515 1908 1615 Adiaphoris
1925 1519 2100 1612 interpre-

71 1627 192 1724 liquiae
209 1620 387 1709 Ecclesiae
402 1627 637 1699 defendantur
653 1641 688 1702 et
703 1627 957 1702 custodiantur.
983 1621 1053 1696 Sed
1104 1635 1241 1710 tentur,
1274 1625 1415 1719 etquid
1442 1635 1614 1724 quaerant
1634 1625 1742 1696 astuti
1774 1623 1834 1694 isti
1860 1619 2101 1693 lnterimistici

70 1727 122 1802 hic
140 1727 243 1804 vobis
267 1729 374 1800 etiam
400 1728 633 1821 aequaeuam
665 1729 962 1807 considerandum
994 1739 1055 1817 est,
1103 1725 1365 1809 conciliatores,
1387 1740 1422 1800 et
1439 1723 1662 1823 quamloede
1676 1750 1740 1798 vos
1754 1727 1954 1796 deforment
1966 1723 2100 1818 ubique

68 1856 165 1928 quam
190 1855 265 1902 nou
289 1831 334 1904 sit
356 1841 472 1906 tntum
496 1825 819 1916 lriseearundineis
843 1827 978 1906 baculis
998 1828 1058 1904 ἱππ-ζ
1103 1838 1278 1922 tentatum
1304 1831 1399 1922 apud
1422 1852 1545 1900 omues
1567 1829 1663 1922 pios,
1689 1839 1934 1924 quantumque
1949 1833 2102 1896 noceant

67 1937 150 2020 niti,
184 1947 221 2006 et
251 1933 380 2006 aulicis
400 1931 557 2004 consiliis
583 1931 660 2004 sine
683 1934 792 2006 verbo
824 1927 894 2002 Dei
924 1931 1055 2010 vivere.
1102 1923 1282 2000 Ecclesiae
1298 1931 1483 2020 ambiguae
1497 1945 1531 2002 et
1544 1925 1715 2002 flexibiles
1737 1929 1820 2000 illae
1843 1926 2038 1998 sententiae
2055 1926 2100 1996 de

69 2035 163 2126 Quae
186 2048 380 2106 narrantur
400 2034 444 2104 de
460 2033 628 2122 servitute
649 2031 687 2106 in
703 2027 922 2126 Adiaphoris
937 2028 1056 2106 terere.
1102 2031 1248 2107 serenda
1263 2032 1431 2106 servitute
1448 2031 1486 2104 in
1503 2025 1720 2124 Adiaphoris
1732 2029 1826 2124 apud
1847 2029 1946 2115 illos,
1972 2027 2102 2120 quibus

69 2141 127 2224 da,
159 2136 355 2226 periculose
380 2133 590 2210 dictasunt.
642 2131 728 2208 Ideo
754 2159 895 2207 necesse
919 2150 988 2224 est,
1013 2148 1058 2208 ut
1103 2145 1218 2207 vestra
1244 2133 1406 2206 doctrina
1433 2148 1616 2230 vesterque
1640 2133 1780 2204 animus
1806 2131 1850 2200 de
1876 2123 1934 2200 his
1959 2143 2101 2198 contro·

69 2233 224 2312 doctrina
247 2239 291 2308 de
307 2229 526 2328 Adiaphoris
551 2235 715 2310 distincte
737 2237 931 2330 explicetur
951 2250 984 2310 et
1000 2234 1057 2306 di·
1104 2233 1228 2311 versiis
1245 2259 1318 2306 uon
1341 2250 1393 2308 est
1407 2237 1490 2308 satis
1506 2250 1728 2328 perspectus,
1753 2245 1787 2304 et
1801 2245 1973 2328 quantum
1990 2228 2103 2299 animi

72 2357 152 2414 sene
171 2342 359 2424 doceatur,
400 2363 491 2434 quae
513 2363 593 2410 vere
619 2364 660 2410 ac
684 2341 761 2412 ficte
784 2333 992 2432 Adiaphora
1017 2361 1058 2410 ae
1105 2337 1240 2408 addant
1261 2337 1448 2409 obstinatis
1470 2329 1603 2412 nostris
1622 2333 1850 2422 adversariis,
1890 2332 1952 2428 qui
1974 2355 2019 2401 ne
2046 2330 2104 2422 pi-

71 2441 174 2512 media
191 2455 383 2524 vocentur,
399 2454 433 2510 et
448 2439 577 2534 quilms
592 2440 722 2512 linibus
738 2441 974 2515 includendae
988 2439 1060 2510 sint
1105 2437 1181 2508 lum
1204 2437 1348 2532 quidem
1372 2439 1484 2515 latum
1507 2465 1527 2510 a
1549 2439 1622 2510 suis
1642 2436 1952 2530 superstitionibus
1977 2440 2011 2503 et
2034 2433 2102 2501 im-

69 2568 118 2614 res
133 2543 281 2616 mediae.
333 2539 425 2612 Nam
445 2543 678 2614 conscientiae
701 2544 740 2614 in
755 2543 920 2634 periculis
935 2556 969 2619 et
985 2565 1060 2612 cer·
1107 2539 1297 2632 pietatibus
1325 2541 1503 2616 discedere
1529 2541 1676 2628 volunt,
1713 2538 1899 2632 solumque
1922 2537 1959 2628 id
1984 2546 2106 2626 agunt,

68 2645 260 2718 taminibus
273 2643 427 2714 stabiliri
441 2635 617 2734 ambiguis
633 2658 668 2716 et
683 2644 900 2726 flexibilibus
918 2644 1063 2736 opinio·
1107 2654 1148 2715 ut
1163 2665 1230 2714 nos
1243 2643 1300 2714 vel
1317 2657 1392 2716 arte
1407 2645 1464 2714 vel
1479 2644 1516 2714 vi
1532 2637 1715 2730 retrahent
1731 2641 1771 2710 iu
1787 2639 1986 2710 societatem
2002 2657 2102 2705 suam

76 2749 170 2818 nibus
184 2757 382 2840 nequeunt.
433 2743 575 2834 Quibus
592 2760 772 2838 perspecta
794 2759 847 2818 est
867 2761 981 2823 vestra
1002 2746 1062 2816 in·
1108 2768 1330 2835 perversam,
1356 2771 1462 2842 quam
1487 2745 1539 2838 pii
1562 2769 1638 2818 non
1659 2755 1811 2838 possunt
1831 2763 1906 2812 non
1931 2739 2046 2808 odisse
2070 2749 2142 2824 et,

76 2849 206 2938 tegritas
220 2861 256 2920 et
269 2847 396 2938 pietas,
419 2847 472 2916 illi
490 2849 638 2921 candide
652 2844 710 2944 (ut
724 2871 790 2942 par
804 2845 871 2942 est)
888 2847 1063 2938 iuterpre-
1108 2847 1229 2936 fugere
1245 2862 1391 2940 propter
1403 2847 1643 2940 impietatem,
1666 2843 1809 2942 quaein
1826 2866 1865 2912 ea
1890 2842 2002 2932 longe·
2018 2839 2106 2908 late-

72 2965 208 3036 untur,
231 2973 322 3044 quae
344 2947 529 3019 comulitis
550 2943 1064 3040 deservituteinAdiaphoris
1110 2972 1179 3042 qere
1205 2965 1388 3038 vagantur.
1447 2950 1486 3021 Si
1509 2949 1747 3021 vultisvestro
1772 2941 1903 3016 honori
1926 2955 1961 3012 et
1981 2935 2106 3012 Eccle-
2203 2941 2207 2948 '

71 3053 231 3132 lesenda,
273 3064 477 3142 vestraeque
508 3051 702 3125 sententiae
733 3050 1061 3142 interpretationem
1110 3053 1181 3121 siae
1202 3043 1336 3122 Christi
1357 3064 1451 3124 recte
1473 3049 1693 3138 consultum,
1717 3044 2021 3140 operaepretium
2044 3055 2108 3125 est,

71 3166 215 3226 sumunt
231 3175 274 3222 cx
289 3151 414 3230 vestris
429 3151 547 3240 libris,
563 3147 815 3244 exAngustana
833 3151 1065 3240 consessione,
1111 3165 1152 3226 ut
1166 3151 1328 3224 doctriua
1342 3167 1457 3224 vestra
1474 3177 1571 3226 nunc
1587 3153 1704 3223 denuo
1721 3153 1765 3222 de
1778 3139 1996 3244 Adiaphoris
2010 3165 2106 3212 novo

71 3253 342 3328 Smalealdianis
365 3253 700 3340 deliberationibus,
724 3277 766 3326 er
786 3253 934 3348 epistola
959 3276 1065 3348 super
1112 3253 1243 3346 scripto
1269 3253 1449 3348 proposito
1480 3251 1700 3345 publicetur,
1732 3275 1804 3347 quo
1838 3249 2023 3320 diluantur
2049 3265 2108 3312 ca-

72 3352 135 3427 hac
155 3355 529 3448 reNoribergensibus
550 3353 758 3428 Pastoribus
775 3356 922 3450 scripta,
947 3378 1066 3426 exve-
1112 3353 1368 3428 lumniatorum
1393 3355 1577 3429 mendacia
1608 3343 1643 3426 et
1667 3349 1846 3426 Ecclesiae
1872 3361 1965 3420 recte
1990 3343 2108 3419 insor-

71 3471 160 3530 strae
174 3453 354 3532 Ecclesiae
376 3457 506 3530 ritibus
528 3471 564 3530 et
580 3459 659 3528 aliis
670 3458 830 3543 iudiciis,
852 3481 943 3554 quae
958 3455 1067 3530 vestri
1113 3470 1256 3530 mentor
1271 3457 1316 3528 de
1331 3457 1570 3530 controversia
1583 3477 1702 3526 rerum
1719 3452 1918 3524 mediarum
1936 3473 1976 3518 ac
1998 3445 2110 3516 indii-
2140 3459 2147 3479 ⁸

74 3559 184 3630 animi
198 3572 404 3654 vestraeque
418 3561 611 3633 sententiae
633 3573 716 3632 suut
735 3572 850 3635 testes.
1112 3559 1323 3644 ferentium,
1353 3583 1421 3630 nee
1441 3556 1604 3650 poteritis
1626 3580 1722 3630 nune
1739 3551 1815 3631 ullo
1840 3549 1956 3622 officio
1981 3547 2110 3620 melius

172 3655 249 3733 Atii
271 3675 389 3733 autem
412 3663 636 3753 serspicantur
654 3661 692 3730 in
708 3659 952 3754 praesentibus
973 3658 1069 3752 peri·
1113 3662 1242 3734 mereri
1269 3657 1483 3732 deEeclesia
1496 3655 1629 3732 Christi
1647 3682 1752 3754 quam
1775 3651 1949 3727 eiusmodi
1966 3651 2110 3741 scripto.

72 3762 344 3856 ecupriorem
373 3777 524 3835 vestram
553 3764 764 3837 sententiam
790 3775 961 3836 mutatam
983 3784 1068 3843 esse,
1114 3761 1350 3854 Agnoscimus
1371 3775 1529 3834 nostram
1545 3757 1740 3836 Ecclesiam
1755 3779 1862 3846 opera
1875 3765 1990 3826 vestra
2006 3750 2111 3822 adiu-

72 3861 213 3961 iamque
238 3865 320 3957 plus
349 3863 388 3934 iu
414 3859 632 3958 Adiapboris
653 3865 799 3938 concedi
823 3887 930 3958 quam
955 3877 1069 3936 antea.
1116 3879 1189 3936 tam
1213 3887 1287 3935 esse
1304 3863 1343 3932 in
1368 3865 1571 3958 recipienda
1594 3861 1754 3950 coelesti,
1779 3881 1869 3954 pura
1891 3877 2027 3926 acvera
2047 3853 2113 3924 do·
2232 3893 2235 3903 ·

72 3960 169 4038 Haec
192 3965 319 4039 callide
350 3965 390 4036 in
419 3967 613 4038 multorum
637 3989 742 4039 aures
768 3966 998 4056 ingeruntur,
1030 3977 1071 4036 ut
1115 3966 1247 4048 ctrina,
1262 3989 1369 4060 quam
1385 3967 1513 4040 etutili
1533 3980 1568 4040 et
1580 3965 1773 4036 necessaria
1788 3955 2039 4031 reformatione
2052 3977 2113 4024 or-

73 4088 134 4138 eeu
150 4093 214 4162 per
228 4067 412 4140 cuniculos
428 4063 485 4138 his
500 4068 589 4141 sucis
604 4067 799 4138 adversarii
814 4067 963 4138 ulterius
978 4065 1071 4136 irre-
1115 4068 1249 4154 nostis,
1269 4069 1309 4138 in
1333 4093 1420 4162 qua,
1445 4069 1529 4164 quia
1554 4091 1620 4157 nos
1640 4065 1759 4160 posuit
1771 4063 1808 4136 S.
1824 4059 1976 4133 Sanctus
1993 4057 2113 4146 inspe-

72 4183 161 4260 pant
175 4171 215 4242 in
237 4181 377 4240 nostras
392 4165 588 4256 Ecclesiae,
607 4183 828 4340 utunturetre
845 4169 994 4240 consilio
1008 4192 1072 4240 ve·
1116 4185 1248 4256 ctores,
1272 4171 1320 4242 ob
1333 4171 1371 4242 id
1386 4193 1524 4265 semper
1536 4169 1641 4244 nobis
1655 4188 1812 4240 summae
1835 4184 1938 4233 curae
1961 4157 2048 4240 snit,
2073 4168 2114 4224 ut

74 4283 146 4342 stro
167 4273 214 4343 de
235 4271 380 4344 serenda
402 4271 572 4343 servitute
593 4271 632 4341 in
650 4267 767 4364 Adiap
795 4271 867 4366 oris
890 4271 935 4342 ad
959 4269 1071 4342 stabi·
1118 4272 1376 4346 custodiremus
1397 4288 1553 4346 vestrum
1579 4271 1674 4364 apud
1695 4291 1763 4340 nos
1790 4262 2006 4358 depositum,
2043 4251 2113 4326 hot

70 4367 211 4446 liendas
226 4395 349 4446 omnes
364 4395 444 4443 suas
459 4375 674 4466 corruptelas
689 4386 726 4445 et
739 4369 989 4447 Idolomanias.
1023 4367 1073 4443 Et
1117 4387 1188 4459 est,
1212 4386 1254 4446 ut
1273 4397 1561 4446 conservaremus
1582 4371 1773 4464 puritatem
1792 4363 1974 4438 doetrinae
1996 4372 2032 4430 et
2052 4379 2113 4424 ve·

73 4486 114 4545 ut
136 4499 179 4546 ex
201 4475 310 4548 unius
335 4469 472 4544 [stetit
493 4476 719 4546 cavillatione
741 4475 785 4546 de
806 4473 954 4568 reliquis
974 4471 1072 4544 iudi·
1118 4499 1200 4546 rum
1213 4473 1281 4548 Dei
1299 4477 1433 4548 cultum
1456 4477 1494 4546 in
1510 4471 1678 4546 Ecclesiis
1699 4467 1934 4539 lideinostrae
1947 4457 2115 4531 commis-

75 4573 169 4646 eium
186 4577 341 4661 faciatis,
355 4601 429 4646 non
444 4577 672 4667 gravabimur
683 4571 743 4646 hic
759 4575 970 4660 asscribere,
984 4599 1074 4668 quae
1118 4578 1179 4652 sis.
1227 4575 1333 4650 Nune
1347 4599 1453 4664 vero,
1479 4575 1562 4672 quia
1576 4572 1704 4664 passim
1719 4569 1885 4642 incidunt
1902 4559 2114 4634 mutationes

76 4681 208 4764 passim
224 4701 266 4750 ex
280 4677 428 4772 epistola
443 4673 581 4748 Islcbii
598 4673 656 4749 hic
671 4691 905 4770 sparguntur,
926 4675 1075 4772 quibus-
1121 4693 1156 4752 et
1177 4671 1357 4748 Ecclesiae
1375 4699 1478 4748 verae
1499 4699 1540 4748 ex
1560 4669 1709 4746 interim
1734 4671 1782 4746 ita
1804 4666 2117 4759 transformantur,

74 4799 144 4872 que
160 4781 352 4872 exponitur
368 4793 482 4852 vestra
497 4781 670 4852 sententia
686 4781 730 4850 de
746 4779 914 4850 servitute
929 4778 1074 4850 serenda
1121 4805 1183 4852 seu
1213 4779 1332 4870 potins
1359 4779 1622 4863 deformantur3
1656 4789 1697 4846 ut
1729 4774 1813 4844 inde
1833 4765 1990 4862 pericula
2009 4761 2116 4832 noxia

74 4873 112 4949 in
137 4878 368 4976 Adiapboris.
418 4879 543 4952 Bonus
561 4881 623 4952 ille
645 4881 701 4951 vir
716 4881 860 4967 scribit,
884 4879 1077 4953 Saronicus
1122 4896 1158 4952 et
1180 4880 1385 4952 scandalosa
1409 4879 1600 4952 certamina
1622 4877 1785 4949 oriantur
1807 4873 1900 4940 inter
1921 4887 2023 4936 veros
2044 4859 2115 4934 Ee-

72 4995 110 5052 et
128 4979 401 5074 Vitebergenses
424 4979 627 5074 Theolo'gos
647 4983 753 5074 plane
774 4982 1013 5068 consensisse,
1037 4981 1077 5050 in
1123 4981 1247 5064 clasiae
1263 4983 1424 5054 doctores
1446 4997 1481 5054 et
1495 4995 1671 5074 pastores,
1693 4975 1824 5072 quibus
1845 4969 2116 5041 coniuncturum

69 5079 325 5176 Augustanam
353 5083 546 5156 editionem
577 5109 597 5154 a
626 5081 775 5155 Caesare
805 5083 1079 5180 promulgatam,
1122 5081 1362 5158 Ecclesiamm
1385 5108 1531 5156 concors
1554 5078 1739 5152 harmonia
1761 5089 1797 5147 et
1818 5075 2002 5144 doctomm
2018 5067 2116 5136 viro·

65 5199 187 5280 utque
203 5187 308 5257 etiam
332 5187 370 5257 in
392 5185 507 5277 ipsum
531 5179 714 5258 Ganon'em
735 5187 785 5256 sic
809 5185 893 5256 satis
910 5207 1079 5276 repurga-
1124 5211 1204 5258 rum
1225 5209 1416 5259 consensus
1438 5185 1586 5278 omnino
1611 5177 1837 5261 dissolvitur,
1859 5171 2030 5264 nervique
2046 5162 2117 5238 Ec-

64 5293 169 5358 lum.
219 5287 288 5360 tta
301 5287 443 5360 subiicit
459 5299 493 5358 et
507 5281 595 5360 haec
609 5287 734 5372 verba,
758 5309 853 5356 unus
869 5289 1080 5379 praecipuus
1125 5288 1336 5362 clesiasticae
1360 5285 1569 5360 concordiae
1583 5292 1811 5373 rumpuntur.
1860 5272 1945 5344 ldeo
1972 5293 2017 5340 ne
2039 5290 2118 5358 gra·-

58 5407 119 5458 ιι
135 5385 334 5480 'l'heologis
350 5387 664 5482 Vitebergcusibus
684 5387 826 5480 scripsit
844 5388 890 5458 ad
912 5389 1081 5456 amicum:
1127 5389 1207 5463 vius
1220 5390 1259 5460 in
1274 5385 1340 5462 hac
1357 5404 1454 5484 parte
1469 5387 1712 5460 sauciarentur
1726 5379 1922 5451 multorum
1937 5369 2120 5444 eonscien-
2194 5387 2199 5398 ·

61 5483 171 5586 -Ego
190 5515 269 5564 non
290 5513 416 5562 recuso
433 5489 536 5592 scm
559 5485 765 5562 servitutem
790 5485 829 5558 in
851 5479 1082 5588 Adioplteris
1128 5492 1215 5576 tiae,
1238 5504 1273 5564 et
1286 5516 1331 5562 ne
1348 5491 1435 5586 quid
1450 5513 1548 5562 secus
1563 5501 1723 5580 ageretur
1739 5509 1757 5555 a
1772 5478 1877 5552 nobis
1893 5497 1998 5569 quam
2013 5493 2120 5562 opor-

141 5599 323 5666 uaccas..
346 5595 451 5665 orer.
477 5595 650 5665 Voravll.
1363 5589 1411 5664 24
