4522 6098
103 306 204 382 ner
420 325 424 329 ·
684 300 1129 384 rrrsrooanuu
1189 290 1411 379 ornan.
1465 276 1600 377 esse.
2064 312 2164 389 eras

99 504 204 566 τινα,
242 491 432 572 occtrpatus
457 477 609 552 illosne
632 482 794 573 negotio,
829 482 872 551 sd
892 504 949 551 me
965 504 1038 550 non
1053 504 1110 550 re-
1131 473 1137 569 Ι
1161 475 1229 546 bus
1248 474 1386 564 regnis,
1413 475 1600 547 collocasse
1616 472 1809 548 Ecclrsiam
1824 478 1994 572 singulari
2011 484 2160 556 consilio

103 584 180 654 diis,
241 581 344 673 Nunc
379 607 499 652 mense
525 582 720 655 Novembri
755 584 888 675 accipio
922 585 1107 676 epistolam
1132 588 1135 633 l
1160 577 1197 644 ln
1220 578 1325 647 urbes
1349 574 1673 672 ἀριστοκρατικὰς,
1708 582 1771 652 ubi
1791 599 1824 654 el
1842 580 1993 676 hospitia
2012 588 2159 657 durabi-

102 700 200 757 tuam
220 685 387 776 scriptam
410 686 449 753 in
465 683 676 777 Septembri.
710 686 795 757 Post
811 686 847 757 id
865 698 1002 778 tempus
1019 709 1109 779 quae
1157 679 1248 748 liora
1280 692 1313 747 et
1341 675 1544 751 honestiora
1568 679 1732 752 habitura
1757 684 1918 769 videtur,
1961 688 2066 782 quam
2092 690 2193 760 sub1

103 787 297 858 acciderint
318 788 356 855 in
376 787 550 866 Saxonis,
576 812 650 859 non
673 814 762 882 opus
779 802 850 873 est,
877 789 922 857 ad
938 800 973 858 te
988 786 1108 872 scribi,
1156 781 1395 872 principibus,
1424 808 1574 874 qnorum
1593 786 1753 874 regiones
1769 783 1929 857 aneicis
1944 803 1977 859 et
1992 791 2157 865 civilibus

102 886 241 961 Gallica
254 889 374 979 potius
385 891 553 965 recitabo.
1155 884 1260 951 bellis
1282 885 1525 957 vastabuntur.
1586 886 1706 974 Quare
1733 902 1767 957 et
1787 901 1821 956 te
1846 903 1880 958 et
1902 902 1982 959 tuos
2005 891 2155 982 collegas

204 979 368 1061 Carolus
383 990 577 1083 imperator
590 1014 670 1061 cum
686 991 840 1062 exercitu
854 1014 917 1061 suo
933 1014 1006 1060 non
1022 1014 1106 1083 pro.
1128 1062 1131 1077 Ι
1156 1000 1300 1075 propter
1315 985 1426 1052 fillum
1445 983 1511 1054 Dei
1529 988 1703 1073 obtestor,
1729 1002 1768 1057 ul
1785 1012 1825 1056 eo
1839 992 1974 1079 maiore
1988 995 2104 1064 studio
2121 1008 2156 1065 et

102 1094 307 1165 culahessta
324 1089 599 1166 Melensiurbe,
650 1090 717 1164 Est
733 1095 821 1164 etin
839 1094 956 1163 vicino
971 1094 1104 1184 oppido
1128 1088 1131 1167 l
1155 1087 1253 1177 plum
1277 1110 1486 1156 consensum
1511 1103 1542 1158 el
1562 1091 1787 1158 concordiam
1806 1095 1986 1162 tueamini.
2038 1094 2079 1165 ln
2098 1091 2166 1164 bis·

102 1188 429 1267 Tullie'Marc'hio
449 1189 634 1265 Albertas.
692 1194 786 1265 Leve
811 1196 984 1286 praelium
1008 1219 1104 1264 com·
1127 1208 1131 1305 Ι
1153 1189 1306 1279 publicis
1320 1190 1471 1257 miseriis
1487 1214 1586 1281 saepe
1603 1188 1691 1259 milri
1706 1192 1838 1261 lenitur
1852 1194 1971 1276 dolor,
1998 1219 2077 1265 cum
2091 1221 2154 1266 ur·
2237 1209 2240 1215 '

101 1298 251 1367 missum
274 1312 344 1377 est,
376 1298 416 1366 in
432 1320 504 1390 quo
520 1284 661 1367 circiter
677 1299 748 1366 dno
765 1297 878 1367 millia
898 1294 1102 1367 ltalicornm
1153 1291 1214 1359 lres
1238 1286 1562 1382 ἀριστοκρατικὰς,
1600 1317 1688 1387 quae
1713 1288 1829 1363 adhuc
1845 1310 1928 1364 snut
1944 1297 2153 1386 disciplinae

101 1420 166 1470 seu
181 1396 456 1491 Hispanicorum
478 1400 634 1469 militum
658 1399 840 1469 interfecta
861 1412 955 1470 sunt.
1006 1395 1103 1468 Haec
1152 1404 1186 1461 et
1199 1392 1382 1461 doctrinae
1399 1395 1588 1462 mediocria
1613 1394 1812 1479 domicilia,
1838 1397 1980 1490 aspicio.
2033 1387 2154 1470 Caro-

102 1525 227 1571 recens
248 1502 405 1570 narravit
427 1497 516 1569 mihi
540 1502 768 1590 Augustanus
792 1501 1014 1585 tabellarius,
1039 1501 1102 1593 qni
1152 1488 1214 1561 lus
1237 1491 1328 1585 lmp.
1351 1494 1421 1563 ism
1447 1496 1618 1565 concessit
1638 1493 1874 1585 Augustauis,
1907 1513 1946 1568 ut
1958 1496 2153 1569 Ecclesiam

102 1597 174 1672 huc
202 1600 321 1671 literas
352 1601 488 1686 attulit,
529 1602 659 1694 quibus
684 1600 834 1673 Senatus
858 1595 1102 1697 Augustanus
1152 1595 1352 1666 instaurent
1385 1598 1429 1664 ad
1458 1620 1620 1664 normam
1654 1599 1886 1669 consessionis
1915 1596 2154 1671 Ecclesiarnm

100 1704 247 1774 accersit
270 1705 406 1795 aliquot
427 1705 522 1772 viros
538 1705 678 1787 doctos,
710 1718 750 1773 nt
766 1705 816 1773 ibi
833 1701 1027 1774 Ecclesiam
1044 1705 1102 1773 in·
1151 1710 1364 1769 nostrarum.
1424 1697 1536 1788 Spero
1560 1701 1759 1791 exemplum
1782 1702 2010 1792 profuturum
2030 1704 2154 1775 multis

96 1819 272 1880 araurem.
315 1804 421 1897 ,Nam
438 1803 587 1875 Carolus
613 1804 809 1895 Imperator
837 1806 1029 1890 concessit,
1062 1822 1102 1877 ne
1151 1800 1300 1868 urbibus
1324 1811 1359 1868 et
1382 1802 1558 1886 gentihus.
1591 1798 1714 1875 ,Bene
1741 1802 1829 1876 vale.
1889 1802 2046 1873 Salutem
2069 1820 2153 1896 opto

98 1903 279 1978 Ecclesiae
308 1908 360 1975 ibi
389 1909 432 1975 ad
462 1928 625 1975 normam
647 1909 878 1976 consessionis
898 1921 1099 1976 nostrarum
1150 1902 1343 1970 reverendo
1360 1896 1405 1973 Ι).
1420 1896 1616 1985 Moibano,
1651 1897 1866 1989 Winlslero,
1895 1900 2050 1992 Adamo,
2077 1902 2151 1976 Sa-

98 2005 340 2080 Ecclcsiarum
375 2008 646 2083 constituantur.
721 2008 854 2100 Spero,
902 2009 1099 2100 exemplum
1147 2024 1253 2094 gero,
1279 2016 1313 2073 et
1329 2004 1474 2072 caeteris
1491 2004 1623 2073 amicis·
1675 2004 1895 2082 d·17.N0v.

98 2113 327 2202 profuturum
345 2133 431 2180 esse.
468 2106 516 2180 Et
531 2111 668 2180 retinam
685 2108 728 2179 sit
744 2111 859 2180 simile
874 2106 959 2206 Cyri
974 2110 1100 2196 edicto,
1898 2103 2097 2202 Philippus.

99 2237 172 2307 quo
196 2212 318 2303 templi
342 2212 550 2282 instauratio
573 2214 738 2283 mandata
756 2214 834 2288 luit.
893 2213 934 2284 ln
952 2210 1099 2283 Panno·
1951 2261 1953 2264 >

96 2314 160 2383 nia
181 2314 437 2407 aliquantisper
452 2315 601 2405 repressi
618 2327 701 2385 sunt
716 2311 866 2388 Tuccae.
916 2313 1020 2385 Nunc
1034 2338 1099 2384 au-

97 2417 180 2500 dio,
221 2415 336 2485 redire
360 2415 574 2493 Saxonicum
597 2412 815 2503 Electorem,
850 2415 912 2510 qni
940 2416 992 2487 ihi
1023 2440 1098 2486 uon
1147 2469 1203 2541 No
1228 2470 1340 2545 5268·

98 2517 176 2586 sine
191 2514 348 2608 periculo
365 2518 557 2592 dimicavit.
1155 2566 1327 2598 w„

203 2614 299 2688 utini
324 2621 366 2686 ad
384 2616 520 2689 Baltica
541 2619 733 2689 certamina
756 2620 889 2691 accedit
908 2644 1000 2689 nova
1019 2644 1098 2689 mo·
1546 2673 1554 2692 .

97 2721 211 2794 lestia.
248 2708 456 2791 Stanearns
471 2721 514 2790 ad
534 2718 705 2790 Viadrum
723 2717 813 2790 mihi
832 2735 867 2792 et
881 2721 1005 2793 multis
1019 2720 1098 2791 aliis
1379 2670 1581 2783 Gewgw
1614 2670 1693 2759 Pr·
1721 2669 1916 2758 Ama·

97 2824 235 2892 bellum
250 2822 369 2896 insert.
421 2821 555 2911 Quales
569 2822 641 2893 sint
654 2822 795 2893 suturae
807 2824 972 2917 ineptiae,
996 2824 1098 2892 vide·
1217 2830 1301 2904 Epist.
1319 2832 1367 2889 tit.
1381 2831 1414 2886 n.
1434 2850 1462 2903 p.
1474 2830 1535 2889 263.
1555 2832 1609 2899 led·
1628 2832 1718 2888 Laod.
1737 2832 1784 2889 tn.
1798 2833 1831 2888 tl·
1849 2854 1891 2905 ep.
1906 2835 1987 2904 262).

98 2926 237 3010 bimus,
267 2948 352 2993 ,curn
384 2926 560 3015 prolatae,
592 2925 743 3011 fuerint,
776 2920 869 2996 ἀλλὰ
892 2920 1100 3007 doxeiliroc
1272 2992 1275 2998 .
1544 2989 1551 3008 .
1667 2988 1675 3007 .

98 3022 228 3121 φέρων
248 3019 445 3118 μυστήρια.
493 3022 570 3114 Ego
591 3048 712 3095 recens
731 3027 825 3096 edidi
843 3022 886 3099 τὸ
902 3021 1097 3127 otiyypau
1261 2987 1346 3099 ID·
1373 2982 1578 3085 Gmffw
1604 2984 1772 3089 Pmmp'
1793 3016 1833 3062 ”¹
1853 2988 2000 3066 “aba‘'

97 3151 154 3220 μα
185 3123 267 3219 περὶ
296 3132 437 3220 ψυχῆς,
471 3128 653 3222 aliquanto
683 3130 903 3200 emendatius
929 3130 1098 3221 scriptum
1149 3124 1198 3213 S.
1226 3136 1271 3212 D.
1324 3136 1564 3209 lllustrissime
1585 3154 1617 3208 et
1643 3138 1950 3237 Reverendissime
1965 3144 2146 3239 Princeps,

97 3231 562 3320 minante’“³'¹'l'¹¹¹¹¹¹‘'¹¹l‘¹⁸·
612 3229 780 3300 N⁰¹¹d⁰¹¹¹
800 3234 894 3300 ‘nim
910 3229 1097 3326 ΤΥΡΟΒΜ·
1148 3240 1239 3313 Com
1257 3254 1338 3310 ante
1352 3242 1533 3311 octiduum
1558 3236 1800 3336 Wtebergae
1815 3269 1942 3332 essem,
1967 3248 2086 3320 attulit
2100 3252 2147 3321 ad

98 3328 166 3423 phi
191 3328 259 3401 bne
283 3329 461 3421 Argeliam
484 3331 667 3403 miserunt.
725 3330 829 3401 Nunc
852 3346 994 3425 pertexo
1015 3355 1099 3427 ger·
1150 3368 1206 3413 me
1225 3343 1343 3413 literas
1361 3340 1401 3413 C.
1415 3347 1459 3415 V.
1473 3339 1622 3431 Simon,
1649 3345 1710 3437 qui
1727 3360 1870 3417 vocatus
1890 3362 1941 3418 cst
1963 3350 2008 3419 ad
2023 3346 2147 3421 Eccle-

97 3430 289 3503 manicam
326 3428 519 3503 editionem
557 3424 740 3503 Locorum
781 3419 1100 3529 Theologicorur'n,
1149 3446 1237 3517 siam
1253 3438 1583 3538 Mersbmgensem.
1633 3442 1741 3517 Hunc
1762 3448 1832 3516 iam
1854 3472 1956 3540 spero
1979 3454 2023 3522 ad
2042 3448 2083 3527 C.
2099 3452 2145 3528 V.

99 3558 207 3629 qnaun
232 3536 411 3606 emendari
435 3536 611 3627 oportuit,
647 3536 730 3629 quia
755 3537 997 3630 interpretatio
1021 3560 1098 3626 ger·
1150 3548 1287 3631 venisse
1311 3571 1390 3616 curn
1416 3549 1501 3617 meis
1527 3547 1651 3618 literis.
1706 3546 1771 3618 Vir
1794 3545 1962 3623 honestus
1977 3568 2010 3624 et
2026 3554 2147 3625 erudi-

97 3637 239 3707 manica
262 3661 364 3729 saepe
380 3642 602 3709 deerravcrat
617 3661 636 3706 a
651 3639 824 3709 sententia
840 3640 963 3712 latina.
1002 3637 1099 3708 Bene
1151 3664 1206 3719 tus
1229 3663 1297 3735 est,
1326 3661 1361 3717 et
1385 3673 1486 3740 spero
1508 3650 1585 3717 fore
1601 3646 1771 3740 organum
1790 3652 1942 3724 salutare
1958 3650 2148 3744 Ecclesiae,

97 3753 134 3809 et
158 3739 308 3810 feliciter
331 3740 429 3827 vale,
470 3753 505 3811 et
525 3740 689 3813 rescribe.
749 3738 1100 3816 Die16.Novemb.
1150 3776 1190 3821 ac
1205 3749 1338 3821 Filium
1356 3747 1423 3819 Dei
1437 3775 1512 3835 opo,
1540 3764 1579 3820 nt
1594 3775 1659 3820 nos
1675 3777 1798 3823 ornnes
1810 3756 1993 3843 gubernet.
2028 3757 2147 3847 Quone

97 3840 276 3930 Argeliae.
1151 3850 1305 3945 primum
1323 3854 1462 3922 rediero
1486 3848 1766 3946 Wtebergarn,
1797 3858 1959 3927 accedam
1975 3860 2018 3928 ad
2035 3856 2147 3929 Celsi-

795 3940 997 4038 Pltilippus·
1151 3955 1311 4024 tudinem
1330 3953 1509 4040 Vestram,
1532 3969 1571 4025 ut
1587 3956 1630 4024 de
1644 3950 1825 4026 Stancari
1847 3958 2147 4052 disputationibus

1150 4070 1185 4126 et
1200 4053 1554 4151 aliis'colloqnamur.
1606 4054 1775 4129 Adferam
1792 4059 1896 4129 etiam
1910 4086 1970 4146 ea,
1996 4087 2085 4154 qnae
2103 4065 2147 4132 de

103 4202 1099 4223 .„..........-.-..........‚-..-...---
1151 4158 1224 4228 illis
1248 4158 1405 4229 materiis
1426 4160 1465 4229 in
1483 4153 1602 4229 schola
1618 4160 1759 4250 publice
1775 4162 1917 4236 tradidi.
1969 4160 2146 4235 Historice

1150 4284 1242 4354 qnae
1263 4284 1360 4330 nuuc
1383 4256 1491 4331 babni
1515 4261 1638 4352 scripsi
1659 4260 1698 4330 in
1722 4263 1866 4354 pagella.
1918 4262 2014 4334 Bene
2035 4266 2148 4336 valeat

111 4379 182 4455 No.
199 4350 310 4452 526'7.
953 4398 1008 4459 17,
1020 4385 1099 4454 No„
1149 4362 1191 4439 C.
1210 4362 1251 4437 V.
1302 4358 1371 4441 Die
1393 4364 1450 4439 18.
1469 4363 1642 4436 Novemlr.

102 4478 319 4517 mv
961 4478 1098 4505 ...w
1629 4480 1635 4488 .

1151 4572 1411 4584 m·-
1416 4572 1485 4581 ————
1491 4572 2145 4587 -ῡ-α--ΜΜ

425 4578 492 4671 Io.
522 4578 782 4668 Praetorio.

170 4745 195 4812 †
215 4742 251 4797 Er
269 4760 363 4816 apogr.
381 4742 444 4800 eod.
462 4742 545 4798 Geth.
561 4744 620 4801 188.
638 4762 681 4815 ep.
696 4745 739 4799 85.
1151 4702 1349 4827 Q·
1989 4709 2148 4827 RQ

102 4897 147 4973 V
144 4894 330 4974 enerando
347 4900 445 4986 viro,
469 4897 670 4974 eruditione
689 4910 720 4974 et
736 4903 868 4974 virtute
878 4905 1102 5002 praestanti,
1449 4897 1501 4984 (ι’.
1526 4899 1852 4985 Bueblrotzero.

98 5000 126 5072 I
134 5026 223 5073 oan
235 5001 286 5073 ni
308 4996 573 5091 Praetorio,
603 5000 767 5076 Docenti
787 5003 1037 5102 Evangeliam
1061 5008 1101 5079 in

98 5100 272 5177 Ecclesia
287 5099 368 5177 Dei
380 5106 420 5176 in
436 5101 577 5201 inclyta
593 5104 680 5178 arbe
698 5104 743 5179 V
737 5104 956 5199 ratislavr'a,
981 5111 1102 5183 amica

489 5231 576 5297 sna,
606 5209 643 5285 S.
659 5208 707 5282 D.
1152 5206 1356 5311 Georgia
1378 5213 1725 5297 Bocttotzm,
1754 5209 1969 5311 Praeposito
1985 5210 2149 5288 Beralin.

1223 5054 1321 5111 Manlii
1335 5057 1434 5133 ἠως.
1454 5078 1481 5132 p.
1493 5058 1545 5114 2⁶7
1557 5079 1615 5133 sqq.

96 5345 324 5429 Venerande
350 5354 459 5424 viret
483 5357 742 5429 carissarnice.
794 5358 907 5450 Saepe
920 5354 988 5430 hoc
1005 5362 1102 5451 cogi·
1153 5350 1204 5439 S.
1232 5362 1276 5439 D.
1328 5365 1539 5440 Reverende
1555 5371 1621 5453 eir,
1647 5383 1683 5440 et
1696 5367 1806 5438 amice
1821 5360 2038 5434 charissime:
2067 5362 2151 5434 ldeo

96 5459 191 5541 cavi,
218 5455 335 5527 Deum
352 5455 391 5524 in
406 5450 472 5526 hnc
486 5457 613 5529 rrltima
631 5474 770 5531 senecta
785 5459 933 5547 mundi,
966 5464 1101 5533 ruenti-
1156 5465 1256 5540 Deus
1268 5468 1417 5569 imernlt
1433 5454 1596 5543 bnmsoo
1607 5472 1726 5565 generi
1743 5460 1912 5567 aropydc,
1936 5465 1973 5537 id
1989 5478 2041 5536 est
2057 5488 2152 5535 amo·

154 5563 335 5628 Mseesrn.
358 5562 459 5626 Oeen.
487 5562 660 5629 vouvtt.
1374 5570 1423 5647 72
