4680 6220
75 341 137 418 tte
654 333 1094 418 EPlSTOLARUM
1152 331 1259 416 [ΑΒ.
1283 333 1349 409 Xl.
1401 334 1536 417 tota.
2047 347 2122 424 150

74 515 177 586 aliena
199 535 284 584 non
309 535 406 601 esse,
432 531 535 607 spero
559 533 639 598 ros,
664 534 705 583 ca
720 510 797 583 non
810 511 1076 605 improbaturos
1128 503 1213 580 baec
1228 502 1465 582 unumhabet
1479 521 1601 602 caput,
1624 507 1721 582 unde
1733 522 1808 587 tota
1825 516 1920 591 salus
1940 519 2016 593 eius
2030 547 2121 617 pen-

79 639 153 688 essa
224 609 374 686 Addidi
409 639 499 708 quae
535 613 581 684 ad
614 613 886 707 explicationem
918 613 1076 701 canonis,
1126 612 1203 698 det,
1235 612 1285 682 sic
1306 633 1373 682 nos
1396 625 1567 704 tauquam
1592 615 1750 686 membra
1769 617 1925 691 eiusdem
1942 621 2122 700 Ecclesiae

85 741 213 812 umque
241 717 474 788 commodam
497 729 533 787 et
556 740 638 786 cum
658 739 765 787 sensu
787 729 990 787 sanctorum
1005 714 1075 786 Pa·
1126 713 1220 784 inter
1242 737 1308 784 nos
1331 713 1442 785 simus
1469 719 1639 805 perpetuo
1670 715 1870 808 coniuncti,
1919 739 2025 820 atque
2047 751 2120 800 uno

87 833 282 914 uunatque
298 817 429 890 veteris
438 811 617 888 Ecclesiae
630 830 882 908 coagmentem
895 817 1075 911 pertinere
1124 817 1268 886 undam
1299 815 1420 886 animo
1449 826 1555 910 atque
1577 841 1640 886 ore
1667 841 1800 891 nomen
1823 823 1920 896 illius
1943 829 2123 902 sanctissi-

84 923 252 992 vidcntur:
280 944 323 991 ac
340 917 511 1013 quoniam
537 919 767 1007 confidimus,
790 942 856 990 vos
870 919 1073 990 universam
1123 941 1221 988 mum
1245 917 1473 989 celebremus.
1533 915 1655 1012 ltaque
1682 943 1764 991 curn
1794 925 1838 996 de
1861 929 2043 1017 doctrina,
2076 933 2122 1004 dc

79 1019 267 1094 Ecclesiam
289 1016 428 1093 Christi
450 1020 580 1090 animis
610 1021 815 1114 complecti,
854 1021 1073 1093 arbitramur
1122 1015 1281 1092 Ecclesia
1296 1019 1443 1115 eiusque
1460 1012 1676 1092 authoritate
1690 1035 1726 1094 et
1742 1037 1931 1116 potestate,
1946 1033 1990 1104 dc
2005 1055 2122 1106 sacra·

78 1139 301 1197 nonuntum
316 1122 455 1193 moveri
468 1145 531 1194 vos
547 1145 650 1216 posse
664 1123 851 1210 sententia,
866 1147 973 1218 quam
985 1123 1071 1195 scri-
1122 1122 1252 1193 mentis
1277 1121 1433 1218 denique
1456 1119 1528 1192 iam
1562 1124 1975 1215 ⁰⁰¹¹ve1¹l³lfnler¹10⁵2
2019 1149 2054 1206 et
2081 1161 2121 1207 ea

76 1228 202 1320 psimus
218 1247 308 1312 nos,
336 1247 444 1318 quam
458 1237 616 1318 suscepta
631 1238 749 1295 vestra
765 1228 809 1296 ad
827 1227 917 1296 benc
930 1250 1072 1296 meren·
1122 1224 1332 1314 prohemus,
1357 1247 1448 1318 quae
1468 1247 1488 1294 a
1506 1219 1667 1296 Caesaris
1690 1227 1839 1298 consilio
1862 1245 1968 1326 atque
1989 1237 2121 1308 volun-

77 1332 150 1400 dum
162 1324 383 1398 deEcclesia
395 1349 435 1396 ac
451 1321 740 1418 corporeChristi
754 1328 947 1400 voluntate.
976 1323 1072 1398 Ani·
1123 1337 1194 1394 tate
1213 1318 1408 1396 christiano
1424 1323 1539 1396 aliena
1555 1350 1631 1396 non
1645 1343 1748 1413 sunt,
1773 1354 1848 1401 non
1866 1334 2007 1406 videtur
2021 1362 2121 1409 com-

76 1431 329 1500 madvertimus
344 1425 478 1514 Deum,
499 1425 704 1498 utEcclesia
723 1451 787 1499 sua
802 1429 867 1498 sita
884 1429 924 1498 in
941 1429 1071 1520 parteis
1124 1427 1334 1498 mittendum
1358 1424 1450 1513 e'sse,
1475 1437 1515 1498 ut
1537 1430 1634 1522 quod
1662 1425 1831 1503 Maiestas
1844 1436 1936 1522 eius,
1969 1438 2026 1508 vel
2047 1436 2120 1511 Ec-

77 1535 237 1602 distracta
254 1530 431 1624 planeque
446 1531 649 1622 perturbata
666 1531 810 1600 tandem
823 1527 1071 1612 constituatur,
1123 1528 1225 1598 clesia
1247 1528 1366 1621 potius
1388 1552 1453 1620 per
1475 1552 1550 1597 eam
1574 1529 1724 1624 loquens
1741 1535 1786 1603 de
1801 1537 1971 1609 sacrificio
1989 1537 2119 1614 Missae

76 1633 237 1706 excitasse
256 1629 467 1716 Caesarem,
491 1645 532 1703 ut
556 1656 598 1702 eo
619 1625 790 1722 authore,
815 1657 906 1726 quae
930 1655 1071 1703 causam
1122 1631 1248 1715 tradit,
1273 1653 1526 1721 aspernemur,
1552 1633 1646 1700 etde
1666 1654 1707 1702 co
1730 1656 1848 1722 sacro,
1875 1643 1970 1734 quod
1996 1644 2120 1734 singu-

76 1737 249 1806 dederunt
262 1731 526 1828 perturbationi
541 1733 619 1819 tali,
645 1733 701 1803 vel
717 1734 891 1805 tollantur
913 1733 972 1804 vel
991 1757 1071 1804 cor.
1122 1731 1190 1800 lari
1211 1731 1367 1802 eiusdem
1387 1727 1564 1802 Ecclesiae
1586 1754 1760 1830 consensu
1782 1741 2019 1830 approbatur,
2044 1747 2120 1818 liti-

77 1837 254 1928 rigantur,
278 1849 314 1906 et
330 1847 372 1905 ut
391 1835 507 1926 vigeat
521 1835 683 1906 doctrina
700 1833 819 1918 sanas
830 1849 866 1908 et
882 1835 1071 1928 disciplina
1121 1855 1254 1922 gemus.
1303 1829 1395 1904 Cum
1410 1831 1613 1924 pracsertim
1628 1838 1725 1929 quod
1742 1830 1924 1912 charitatis
1939 1871 2041 1917 causa
2062 1849 2119 1918 in-

78 1964 176 2034 quam
193 1953 357 2028 tempor,
373 1937 593 2008 sustulerunt
601 1991 613 2024 ‚
638 1951 841 2024 revocetur,
866 1961 906 2008 ae
919 1961 1010 2031 quae
1024 1939 1070 2008 ad
1122 1948 1267 2004 ventum
1284 1947 1389 2027 atque
1403 1933 1605 2006 institutum
1620 1949 1690 2024 est,
1710 1961 1752 2008 eo
1773 1939 1851 2011 sine
1865 1945 1964 2032 gravi
1980 1948 2120 2038 piaculo

77 2043 239 2134 pietatem
252 2039 438 2108 colendam
456 2038 634 2130 pertinent
644 2039 863 2110 ceremoniae
877 2040 1070 2109 restituan-
1121 2038 1165 2106 ad
1182 2036 1397 2107 discordiam
1411 2050 1517 2130 atque
1532 2037 1837 2128 perturbationem
1853 2047 1953 2116 abuti
1970 2049 2118 2121 minime

78 2159 141 2216 tut,
204 2139 370 2230 Quarum
397 2163 514 2227 rerum
538 2153 684 2210 eventus
704 2141 735 2210 si
752 2141 879 2232 optimi
894 2139 1071 2232 Principis
1122 2137 1317 2230 possimus,
1346 2161 1387 2208 ac
1403 2138 1433 2206 si
1453 2141 1498 2208 de
1519 2139 1679 2210 moribus
1694 2136 1890 2230 Ecclesiae,
1915 2148 2042 2220 ritihus
2064 2166 2119 2222 at-

80 2243 232 2316 consiliis
247 2241 484 2334 responderit,
508 2233 610 2312 brevi
619 2239 1071 2333 recuperabuntEcclesiae
1122 2263 1191 2332 que
1204 2239 1413 2310 ceremoniis
1434 2237 1547 2324 idem,
1573 2253 1614 2310 ut
1628 2243 1815 2328 debemus,
1842 2248 2029 2338 sentimus,
2056 2279 2120 2326 cur

82 2369 190 2438 pacem
208 2367 330 2424 suam,
352 2366 499 2435 eamque
514 2367 593 2412 cum
611 2343 724 2432 gloria
738 2339 872 2416 Christi
889 2357 923 2412 et
938 2345 1071 2415 multo-
1121 2353 1297 2432 receptam
1329 2363 1369 2411 ac
1396 2339 1633 2412 diuturnitate
1659 2346 1829 2436 temporis
1855 2353 2120 2426 corroboratam

83 2473 152 2518 rom
175 2447 293 2516 salute
315 2443 554 2516 coniunctam.
614 2443 722 2533 Quod
744 2459 847 2518 tanto
873 2448 1071 2536 optandum
1122 2441 1269 2512 canonis
1289 2441 1459 2528 formam,
1481 2466 1629 2537 eamque
1650 2447 1799 2536 probam
1821 2451 2119 2548 sancetsacro*)

85 2565 127 2618 est
141 2548 272 2638 magis,
299 2559 432 2640 quanto
447 2539 690 2616 vehementius
707 2547 952 2618 contentiones
972 2571 1011 2618 ac
1025 2547 1072 2616 li·
1122 2542 1253 2615 Missae
1269 2545 1587 2630 accommodatam,
1612 2545 1871 2638 improbemus,
1886 2577 1960 2623 non
1975 2557 2121 2650 quidem

88 2647 270 2720 teshorum
287 2661 487 2738 temporum
502 2647 601 2716 illam
617 2647 884 2723 labefactarunt.
934 2647 1024 2720 Nam
1040 2649 1071 2719 si
1121 2646 1236 2716 video.
1286 2641 1379 2714 Nam
1401 2645 1433 2716 si
1454 2645 1550 2716 ullae
1574 2645 1667 2718 aliae
1686 2671 1760 2737 res,
1787 2665 1880 2722 certe
1896 2680 1986 2749 quae
2008 2657 2120 2730 insa-

96 2751 168 2828 um,
195 2763 292 2822 terte
322 2747 593 2842 qui.religionis
619 2773 722 2820 causa
756 2750 910 2822 existunt
942 2764 1071 2837 motus,
1122 2747 1191 2816 cris
1212 2739 1446 2828 adhibentur,
1479 2760 1653 2820 vetustate
1676 2748 1752 2842 ipsa
1778 2752 1915 2826 utiliter
1938 2783 2120 2832 commen-

92 2853 244 2945 dissipare
270 2849 389 2920 solent
409 2845 597 2921 hominum
618 2850 802 2922 societates
825 2853 917 2922 bene
936 2853 1071 2924 consti-
1122 2849 1200 2918 dari
1216 2861 1496 2923 contumfflssh‘

85 2969 184 3038 totas,
217 2968 255 3026 et
274 2949 451 3022 Ecclesiae
474 2952 566 3043 ipsas
586 2950 766 3038 disiicere,
799 2954 900 3028 cuius
927 2954 1069 3045 quidem
1223 2946 1320 3019 llaec
1346 2950 1420 3020 sere
1447 2951 1634 3023 scribenda
1660 2954 1800 3046 putavi,
1830 2960 1942 3051 magis
1965 2976 2006 3035 ut
2029 2987 2120 3058 quae

80 3057 126 3126 rei
145 3059 254 3126 fidem
276 3051 413 3124 iaciunt
434 3075 509 3123 non
535 3052 651 3129 solum
674 3053 860 3146 peregrina
886 3057 946 3124 sed
962 3053 1068 3124 etiam
1121 3045 1212 3120 mihi
1226 3053 1270 3120 de
1286 3052 1467 3124 communi
1481 3053 1643 3126 omnium
1658 3057 1770 3127 salute
1779 3060 1949 3150 cogitanti
1964 3064 2003 3134 in
2018 3091 2122 3136 men-

77 3157 268 3230 domestica
310 3155 488 3246 exempla,
540 3169 575 3224 et
615 3155 698 3225 talia
740 3157 884 3251 quidem
921 3179 979 3242 ea,
1010 3168 1072 3226 .ut
1123 3167 1194 3224 tem
1211 3152 1374 3222 venirent
1388 3153 1620 3246 explicarem,
1646 3181 1754 3251 quam
1770 3173 1811 3231 ut
1829 3173 1864 3231 te
1880 3165 1947 3236 ista
1961 3171 2122 3258 pruden-

77 3261 112 3328 in
143 3259 312 3330 sensibus
344 3269 450 3350 atque
484 3256 596 3326 oculis
631 3258 764 3328 nostris
805 3258 1070 3352 quodammodo
1121 3254 1191 3338 tia,
1233 3253 1413 3340 doctrina,
1451 3256 1583 3328 virtute
1607 3272 1715 3352 atque
1732 3263 1846 3332 animi
1873 3269 2121 3356 magnitudine

75 3357 261 3432 haereant:
286 3383 357 3454 quo
377 3358 497 3428 minus
519 3358 706 3448 repudiare
729 3360 899 3430 dehemus
916 3359 1070 3430 occasio·
1120 3353 1324 3446 Principem
1340 3379 1522 3427 monerem
1538 3372 1644 3452 atquc
1653 3360 1931 3452 inflammarem,
1957 3370 2018 3461 qui
2035 3395 2121 3460 pro-

76 3489 154 3534 oem
164 3459 407 3532 Ecclesiarum
428 3459 752 3546 conciliandorum,
777 3485 885 3554 quam
893 3459 990 3532 Deus
1009 3485 1071 3552 per
1122 3457 1180 3528 cul
1195 3455 1325 3542 dubio,
1350 3457 1490 3550 quoties
1512 3459 1644 3550 cogitas
1660 3477 1835 3554 ,quantum
1855 3467 1982 3538 debeas
1995 3466 2121 3542 Eccle-

74 3563 281 3642 Caamem,
304 3560 497 3632 voluntatis
518 3583 599 3632 suae
622 3561 890 3648 administrum,
922 3587 986 3654 pro
1008 3587 1070 3634 sua
1122 3558 1193 3628 siae
1218 3559 1343 3644 matri,
1366 3584 1454 3652 quae
1470 3573 1504 3630 te
1518 3555 1661 3632 Christo
1687 3565 1829 3652 genuit,
1852 3581 1885 3637 et
1904 3571 2052 3659 patriae,
2081 3576 2119 3644 in

76 3663 322 3738 mimir-,ordia
336 3663 552 3755 perbenigne
565 3661 679 3736 offert.
731 3660 840 3753 Quod
858 3664 953 3734 enim
970 3677 1070 3735 ante·
1123 3685 1191 3754 qua
1214 3660 1385 3749 dignitate
1407 3661 1591 3740 excellenti
1620 3663 1744 3750 liores,
1778 3670 2121 3762 suscipisanimum,

78 3763 138 3838 hac
154 3767 215 3836 vix
230 3789 372 3858 sperare
393 3765 627 3846 audebamus,
651 3765 688 3834 id
705 3789 801 3836 nunc
817 3765 989 3856 tribuitur
1004 3789 1071 3834 no·
1122 3775 1156 3832 tc
1169 3785 1210 3831 ac
1224 3761 1355 3832 virtute
1369 3762 1544 3836 maiorum
1558 3778 1703 3836 urorum
1720 3767 1888 3858 dignum,
1914 3775 2007 3844 utin
2023 3780 2121 3868 paci-

78 3873 151 3954 bis,
183 3883 227 3939 ut
246 3867 333 3939 vitia
356 3879 391 3936 et
413 3865 649 3956 corruptelas,
683 3865 715 3935 si
740 3889 831 3960 quae
852 3867 1070 3949 insederunt,
1122 3863 1321 3936 ficationem
1337 3885 1560 3936 communem
1582 3861 1761 3940 Ecclesiae
1781 3886 1887 3966 atque
1904 3873 2120 3950 Germaniae

78 3973 187 4042 libere
202 3967 480 4040 auttollereaut
500 3965 613 4036 vitare
629 3965 815 4058 possimus.
864 3963 918 4038 Ac
937 3969 1071 4060 dequi-
1122 3977 1262 4036 nostrae
1287 3967 1352 4036 tibi
1378 3965 1657 4040 incumbendum
1683 3984 1794 4062 putes.
1845 3975 1905 4046 Ad
1922 4003 2028 4070 quam
2044 4005 2120 4052 rem

78 4075 142 4144 bus
165 4069 351 4161 religionis
376 4083 517 4140 nostrae
540 4067 715 4159 capitibus
729 4063 878 4140 antehac
895 4071 991 4140 docti
1005 4065 1071 4138 ho·
1122 4091 1203 4138 cum
1224 4079 1324 4138 tanto
1349 4061 1416 4142 hoc
1432 4083 1591 4160 tempore
1608 4073 1713 4143 detur
1726 4075 1881 4162 occasio,
1908 4103 2003 4162 cam,
2030 4082 2058 4150 si
2085 4097 2119 4154 te

76 4177 192 4244 mines
207 4174 304 4242 inter
324 4193 361 4241 se
383 4170 586 4260 litigarunt,
609 4171 737 4241 acriter
751 4193 854 4256 sane,
880 4173 924 4240 de
937 4171 1069 4240 eisdem
1122 4169 1238 4259 ipsum
1255 4170 1426 4254 audieris,
1451 4195 1526 4240 non
1552 4173 1732 4256 admittes,
1759 4200 1824 4247 nec
1843 4174 2118 4252 Melamhlhon

76 4277 206 4348 (laesae
226 4275 301 4365 ipse
325 4271 521 4364 interponit
547 4271 675 4363 parteis
697 4295 778 4343 suas
794 4273 1070 4366 quodammodo,
1123 4269 1161 4338 in
1175 4265 1242 4339 hoc
1252 4269 1358 4339 officii
1373 4295 1499 4362 genere
1507 4273 1737 4344 deeritetsibi
1751 4276 1820 4368 ipsi
1833 4295 1868 4350 et
1881 4283 1987 4352 nobis
2000 4285 2119 4356 omni-

76 4393 112 4448 nt
131 4391 281 4448 recteac
295 4373 351 4466 pie
367 4373 550 4450 conciliari
567 4373 712 4464 possint.
740 4387 744 4398 ’
1123 4372 1207 4452 bus,
1233 4385 1338 4466 atque
1355 4373 1443 4442 adeo
1462 4376 1596 4466 patriae
1616 4378 1818 4462 communi,
1844 4395 1885 4451 ut
1906 4385 2054 4456 sublatis
2072 4387 2118 4455 li-

180 4475 294 4546 Venit
307 4475 417 4566 igitur
431 4489 567 4568 tempus
583 4475 691 4560 illud,
714 4497 795 4546 com
809 4470 907 4546 Deus
921 4474 996 4566 ipse
1011 4475 1071 4544 dat
1123 4472 1217 4542 tibus
1245 4475 1387 4542 tandem
1417 4495 1436 4543 e
1458 4489 1581 4546 mutua
1609 4479 1860 4552 coniunctione
1892 4486 2119 4558 suavissimos

75 4581 176 4670 signa
196 4577 349 4650 illustria
363 4577 556 4648 voluntatis
568 4601 652 4646 suae
674 4589 709 4647 et
731 4599 798 4646 nos
819 4577 968 4647 obscure
992 4601 1071 4646 mo·
1123 4574 1214 4644 vitae
1228 4575 1362 4643 sructus
1376 4575 1575 4666 capiamus,
1603 4603 1666 4648 nec
1683 4603 1878 4672 pugnemus
1892 4585 2044 4676 amplius
2060 4589 2118 4658 in-

77 4675 203 4776 set*),
235 4693 275 4750 ut
298 4679 507 4768 cogitemus,
542 4702 615 4748 non
637 4679 938 4772 quemadmodum
959 4689 1071 4748 certe·
1123 4690 1276 4760 ternos,
1301 4677 1360 4744 sed
1376 4676 1547 4768 singulari
1564 4679 1766 4752 animorum
1790 4670 2021 4758 consensione
2038 4715 2118 4762 cor-

75 4805 158 4852 mus
173 4785 269 4850 inter
284 4805 350 4852 nos
363 4779 536 4871 amplius,
562 4795 623 4850 aut
636 4774 935 4872 reprehendamus
953 4779 1071 4849 consi·
1122 4777 1276 4868 rigamus
1301 4801 1426 4868 prava,
1458 4783 1683 4851 restituamus
1706 4785 1857 4880 collapsa
1876 4800 1909 4856 et
1923 4781 2117 4863 Ecclesiam

73 4885 118 4954 lia
136 4881 301 4954 Caesaris
321 4882 475 4972 benigna
497 4905 537 4950 ac
557 4881 740 4968 salutaria,
765 4882 826 4952 sed
842 4882 959 4972 potius
980 4903 1069 4974 quo·
1122 4889 1369 4950 conservemus
1391 4892 1497 4976 atque
1519 4883 1758 4970 aedificemus,
1782 4900 1824 4956 ut
1846 4887 1885 4956 in
1905 4883 2013 4962 huius
2036 4909 2117 4985 tan-

73 4989 185 5056 modo
201 4984 374 5054 leniamus
389 4983 603 5064 exulcerata,
630 4997 664 5053 et
679 5007 736 5054 res
749 4995 888 5054 nostras
909 4983 957 5052 ita
973 5006 1071 5052 com·
1122 4981 1201 5048 dem
1233 4979 1369 5050 unitate
1391 5005 1430 5050 ac
1460 4985 1716 5078 tranquillitate
1741 4989 2048 5082 conquiescamus,
2077 5022 2118 5068 ac

75 5109 274 5178 ponamus,
297 5099 337 5156 ut
352 5088 395 5154 de
411 5083 582 5173 religione
605 5084 698 5152 idem
714 5098 747 5153 et
762 5083 954 5155 sentiamus
969 5097 1003 5154 et
1016 5083 1074 5152 lo·'
1122 5075 1303 5152 Christum
1323 5081 1516 5153 Dominum
1534 5089 1727 5158 concordes
1743 5090 1875 5175 colere,
1902 5106 1936 5162 et
1953 5119 1993 5162 ex
2011 5089 2117 5170 huius

75 5211 253 5280 quamue,
282 5209 322 5254 ac
345 5187 383 5254 in
411 5188 517 5256 domo
539 5185 694 5270 domini,
725 5210 814 5279 quae
834 5197 885 5255 est
904 5181 1070 5268 Ecclesia,
1122 5184 1221 5278 quasi
1239 5185 1335 5252 fonte
1351 5208 1441 5276 quae
1464 5189 1506 5255 ad
1533 5185 1680 5258 salutem
1696 5191 1801 5260 no'bis
1818 5197 2009 5266 necessaria
2024 5212 2120 5282 stent,

77 5291 272 5360 concordes
289 5283 449 5360 habitare
469 5287 663 5380 possimus,
690 5301 747 5374 ut,
772 5287 1068 5380 quemadmodum
1123 5281 1265 5356 haurire
1281 5287 1465 5376 possimus.
1518 5283 1618 5376 Quae
1640 5289 1690 5360 ita
1706 5292 1811 5386 nobis
1825 5295 1958 5368 tribuat
1972 5297 2117 5390 spiritus

1124 5437 1330 5453 -ffln

110 5519 143 5588 'l
162 5521 301 5577 rmus:
319 5535 376 5574 mn
387 5519 502 5574 odmre
515 5529 621 5578 mone&
1160 5503 1190 5575 ἢ
1208 5508 1332 5560 aava?

1336 5575 1414 5652 10*
