4680 6220
96 347 154 421 ttt

97 519 271 594 cniusdam
303 513 379 586 sibi
404 525 555 588 mortem
581 509 774 596 conscivit,
806 509 931 582 dolore
961 509 1091 603 recepti

98 623 172 696 libri
185 615 407 710 Augustani.
455 614 564 686 Brevi
585 615 736 686 scribam
753 613 876 706 plura,
897 627 932 684 et
955 613 1091 684 mittam

104 725 157 796 ilii
174 743 341 804 carmen,
367 719 462 813 quod
481 716 611 787 curabo
632 716 690 786 edi
705 736 870 786 excusum
888 715 1035 807 praelis,
1060 727 1094 786 et

108 839 265 898 omitum.
320 819 420 890 Beue
435 819 559 890 valete.
609 814 678 888 Die
695 817 731 892 5.
749 812 931 889 Octobris.
983 815 1092 890 Mitto

104 929 228 1000 invem
246 925 457 996 orationem
474 915 517 990 dc
532 915 653 990 tribas
661 917 822 1020 farinas
836 917 944 990 satis.

181 1055 399 1131 Clarissimo
423 1054 502 1129 viro
526 1053 673 1125 domino
698 1051 920 1128 Cancellario
943 1053 1093 1125 salutem

92 1177 176 1257 opto.
218 1159 346 1230 Hodie
361 1181 403 1229 ex
419 1151 563 1250 Angtia
580 1157 700 1228 literas
718 1157 856 1249 accepi,
880 1155 943 1227 uhi
960 1156 1094 1227 doctri-

93 1289 130 1338 na
145 1259 340 1354 Evangelii
361 1283 450 1354 pure
468 1260 640 1343 traditur,
668 1273 702 1332 et
718 1272 826 1330 erunt
846 1259 916 1329 iarn
937 1281 1093 1330 consen

93 1383 141 1440 tus
154 1369 199 1437 de
215 1363 481 1438 constituendis
495 1358 674 1434 Ecclesiis.
796 1401 799 1406 ·

607 1491 797 1586 Philippus
815 1489 1042 1571 Melanthos.

96 1679 1089 1728 mm-

943 1855 976 1921 ὅ.
990 1849 1065 1916 Oot.

92 1847 295 1974 QZ

263 2030 488 2142 Cresciger
511 2029 577 2116 aet
598 2027 909 2118 Scholasticos.

149 2212 262 2286 Scripta
283 2211 359 2284 publ.
381 2209 466 2266 head.
485 2208 565 2266 Wit.
584 2209 620 2264 T.
633 2207 655 2264 l.
677 2229 703 2282 p.
717 2208 777 2266 299.
889 2229 892 2234 ·

90 2365 218 2442 Rarior
248 2361 472 2440 Academiae
506 2363 656 2442 Wtub.
690 2357 942 2466 Casparas
971 2357 1089 2442 Cru-

429 2469 571 2564 ciger,
597 2466 752 2542 Doctor.

93 2617 157 2700 Est
173 2623 320 2719 quidem
338 2617 547 2711 disciplinae
561 2643 654 2712 pars,
680 2620 801 2692 videre
816 2615 984 2694 honestos
999 2648 1088 2696 con-

104 2751 221 2816 gressus
237 2721 443 2818 principum
462 2735 496 2790 ct
511 2722 735 2792 considerare
757 2737 900 2796 mutuae
923 2751 1087 2798 reveren-

107 2829 170 2900 tiae
183 2825 348 2919 monpla,
372 2823 459 2895 etin
475 2823 699 2894 sermonibus
716 2829 1087 2898 commemorationem

100 2929 245 3015 unatim
271 2927 336 2998 sed
352 2921 439 2996 haec
452 2925 624 3018 populus,
650 2925 713 3020 qui
734 2927 859 3020 procul
873 2952 891 2998 a
907 2927 1087 3022 Principi-

92 3033 153 3103 bus
173 3045 335 3116 ametur,
356 3049 421 3098 nec
437 3027 550 3098 oculis
568 3051 633 3098 nec
657 3029 804 3099 auribus
825 3031 908 3098 satis
931 3031 1086 3122 accipere

89 3147 207 3226 potest.
259 3129 355 3203 Cum
377 3141 492 3200 autem
515 3143 550 3200 ct
571 3143 716 3220 propter
732 3131 998 3202 multitudinem
1018 3128 1086 3203 ho-

87 3237 189 3328 spitis
205 3235 374 3304 defutura
393 3229 465 3302 sint
487 3225 723 3314 scholasticis,
747 3233 809 3326 qui
828 3231 982 3325 Torgam
1001 3257 1084 3328 pro·

85 3339 306 3421 licisceotur,
339 3343 373 3404 et
396 3335 491 3402 inter
518 3355 627 3426 cqrros
653 3347 687 3404 et
715 3335 753 3403 in
777 3335 880 3405 turba
909 3329 983 3407 uon
1008 3339 1084 3406 sine

86 3439 243 3531 periculo
270 3435 389 3526 vagari
415 3435 527 3524 ignoti
550 3435 700 3526 possint:
736 3431 921 3508 hortamur
945 3453 1085 3509 nostros

85 3543 282 3624 auditores,
307 3561 354 3608 ne
380 3535 535 3626 Torgam
566 3537 851 3628 proficiscantur,
877 3542 935 3609 sed
964 3542 1084 3634 potius

86 3645 120 3714 in
147 3639 345 3714 domestica
376 3637 634 3731 tranquillitate
665 3638 853 3712 intendant
876 3643 1015 3713 animos
1044 3644 1082 3712 in

85 3745 268 3817 doctrinae
287 3739 404 3813 aridia
424 3753 459 3810 et
477 3739 515 3807 in
538 3741 774 3830 precationem
798 3743 906 3834 piam.
958 3743 1082 3838 ltaque

85 3853 140 3918 die
155 3850 263 3918 lunae
278 3842 440 3935 proximo
453 3863 576 3911 rursus
585 3838 661 3910 Deo
672 3842 816 3914 iuvante
830 3845 1082 3936 praelectiones

85 3947 362 4020 inchoabuutur.
388 3941 461 4012 Ncc
478 3942 545 4011 alia
562 3956 612 4012 est
626 3967 728 4012 carisa
743 3940 849 4016 hrains
863 3959 1002 4017 nostrae
1018 3949 1082 4017 ad-

83 4047 315 4126 hortationis,
339 4069 445 4139 quam
463 4043 598 4136 paterni
615 4045 725 4114 animi
743 4047 944 4118 sollicitudo
960 4051 1003 4119 de
1018 4075 1080 4142 pe-

83 4155 203 4222 riculis
221 4149 360 4224 vestris.
400 4145 481 4216 Non
497 4159 549 4214 est
565 4146 659 4214 enim
674 4147 902 4232 inusitatum,
929 4151 967 4219 iu
983 4165 1078 4222 tanta

81 4252 279 4348 frequentia
298 4263 333 4320 et
347 4271 522 4318 concursu
537 4241 743 4334 hominum,
768 4250 861 4320 laedi
878 4251 1078 4345 aliquorum

81 4381 241 4450 corpora.
294 4347 453 4424 Oramus
475 4362 592 4418 autem
606 4345 721 4420 Deum
743 4365 925 4422 aeternum
944 4368 1077 4444 patrem

81 4459 216 4528 domini
233 4453 348 4526 nostri
369 4449 395 4524 l.
411 4449 471 4536 C.,
498 4451 717 4520 conditorem
733 4465 767 4522 et
782 4469 996 4528 servatorem
1018 4480 1078 4546 ge·

81 4563 174 4630 neris
192 4555 341 4630 humani
357 4567 391 4622 et
405 4549 582 4624 Ecclesiae
597 4575 697 4638 snae,
718 4555 780 4648 qui
799 4555 941 4648 politias
956 4573 990 4628 ct
1008 4559 1078 4627 im-

82 4663 174 4752 peria
201 4655 373 4740 instituit,
397 4669 438 4726 ut
452 4653 635 4748 Principes
650 4667 682 4724 et
699 4678 764 4726 uos
781 4671 894 4747 regat,
921 4674 955 4731 et
969 4661 1077 4731 disci-

80 4767 213 4854 plinam
229 4775 263 4832 et
280 4757 395 4831 studio
412 4769 562 4827 tueatur.
613 4751 702 4827 Data
722 4751 759 4832 5.
777 4753 908 4832 Octob.

86 4991 544 5015 W

91 5157 155 5230 No.
172 5155 285 5229 4578.
942 5165 974 5225 7.
993 5157 1066 5223 Oct.

85 5255 296 5290 m

251 5333 472 5443 Greectger
500 5331 566 5418 ad
582 5316 899 5418 'scholasticos
951 5393 955 5402 .

143 5513 245 5584 Script.
256 5511 332 5584 publ.
347 5509 430 5566 seat.
445 5507 522 5566 Wit.
541 5511 574 5566 T.
589 5508 607 5566 l.
629 5527 653 5582 p.
663 5507 724 5564 22i.

82 5605 254 5672 hircana.
271 5605 376 5670 Ores.
404 5601 484 5666 Vas..
502 5601 577 5670 vll.

680 329 1126 418 EPISTULARUM
1178 333 1375 414 uttaxt.
1431 334 1564 414 tstt.

2079 353 2153 435 lot

1145 499 1282 580 Rector
1300 502 1520 580 Academiae
1544 504 1755 610 Witeberg.
1772 508 2149 622 Casparus'Cru·

1482 613 1625 707 riget,
1655 614 1812 694 Ductor.

1142 751 1244 838 luter
1265 763 1467 834 communia
1483 765 1575 834 mala
1601 761 1730 844 horum
1752 773 2038 856 calamitosorum
2055 800 2146 862 tem-

1145 890 1271 958 porum
1300 881 1385 938 sunt
1411 879 1447 938 et
1476 870 1753 960 parturientium
1774 879 1915 950 adversi
1939 909 2039 958 casus
2067 917 2144 964 cre-

1143 969 1297 1053 briones,
1324 993 1430 1063 quam
1454 983 1555 1040 antea
1577 971 1734 1045 fuerunt.
1790 975 1971 1056 Audimus
1992 992 2087 1064 enim
2110 1013 2145 1070 et

1142 1071 1229 1141 alibi
1251 1071 1380 1144 multas
1403 1071 1588 1144 doloribus
1603 1091 1726 1167 partus
1748 1081 1916 1172 extingui.
1970 1088 2010 1161 ld
2037 1121 2144 1189 qnam

1143 1173 1189 1244 sit
1204 1172 1304 1246 triste
1319 1174 1575 1264 spectaculum.
1602 1191 1636 1248 et
1651 1195 1823 1274 quantum
1839 1186 1973 1260 tractum
1988 1197 2072 1268 talia
2086 1201 2144 1272 lu-

1141 1299 1227 1346 nera
1250 1275 1396 1346 iamiliis
1419 1275 1493 1348 suis
1517 1279 1697 1366 adierant,
1729 1287 1961 1374 experiuntur
1983 1296 2038 1367 illi
2062 1301 2142 1394 ipsi,

1142 1379 1185 1448 ad
1201 1403 1289 1472 quos
1305 1401 1344 1448 ea
1362 1379 1540 1449 calamitas
1558 1383 1701 1473 proprie
1717 1387 1881 1478 pertinet.
1912 1391 1986 1468 Nec
2001 1408 2142 1493 magni-

1142 1481 1228 1552 tudo
1257 1480 1393 1551 doloris
1424 1480 1577 1552 iudicari
1607 1500 1721 1576 potest
1747 1490 1792 1558 ab
1822 1493 1966 1583 alienis,
1999 1516 2034 1574 et
2064 1533 2138 1582 non

1141 1583 1292 1674 expertis
1319 1583 1450 1652 similia
1479 1583 1574 1654 iuxta
1606 1602 1708 1658 vetus
1729 1587 1879 1664 Pindari
1908 1601 2061 1676 dictum:
2096 1611 2139 1686 τὸ

1140 1687 1277 1758 οἰκεῖον
1296 1677 1427 1772 alfger,
1452 1679 1659 1780 ἀλλοτρίων
1674 1684 1768 1764 ‹l'0d
1788 1691 1887 1788 μέλει
1910 1696 2138 1798 ἀνθρώποις.

1139 1783 1217 1859 Etsi
1237 1789 1379 1857 crudele
1398 1799 1467 1872 cst,
1492 1799 1610 1858 tamen
1630 1791 1680 1862 ita
1702 1793 1757 1880 lit3
1784 1797 1904 1870 minos
1925 1808 2141 1889 adficiuntur
2165 1873 2174 1892 .

1139 1885 1303 1960 homines
1319 1889 1445 1960 alicnis
1460 1891 1646 1962 doloribus
1663 1919 1769 1988 quam
1785 1895 1860 1969 fieri
1877 1912 2048 1994 oportuit.
2089 1916 2140 1994 At

1139 1993 1178 2061 in
1199 1987 1255 2062 his
1271 1991 1410 2062 casibus
1424 1993 1563 2084 signum
1586 2019 1626 2066 ac
1641 2020 1747 2067 omen
1765 2001 1808 2070 ad
1825 2028 1948 2076 omnes
1970 2018 2136 2102 pertinet.

1138 2093 1220 2166 Non
1247 2095 1397 2165 dubium
1430 2109 1482 2168 est
1514 2096 1630 2182 euim,
1663 2097 1855 2190 significari
1880 2115 2136 2200 parturientem

1128 2195 1352 2300 Ecclesiam,
1379 2197 1417 2267 in
1443 2223 1513 2294 qua
1535 2200 1665 2290 passim
1688 2204 1803 2274 bonae
1824 2225 1961 2282 mentes
1984 2218 2139 2295 circum.

1136 2299 1257 2371 ierunt
1277 2299 1454 2371 assiduam
1478 2315 1513 2372 ct
1536 2301 1714 2392 ingentem
1738 2310 1975 2404 moesticiam,
2000 2336 2035 2394 ct
2055 2352 2137 2402 vere

1137 2401 1271 2473 dictum
1288 2423 1362 2472 csse
1382 2403 1421 2470 iu
1438 2400 1571 2474 Hosca:
1598 2405 1704 2476 multi
1722 2412 1971 2504 experiuntur,
1995 2425 2135 2505 dolores

1137 2503 1365 2596 parturientis
1393 2505 1538 2575 venient
1569 2505 1613 2577 ei.
1669 2503 1811 2602 Deinde
1833 2516 1916 2607 quia
1945 2525 2051 2598 multi
2083 2535 2135 2625 pii

1136 2606 1345 2676 auferuntur
1363 2629 1381 2675 e
1403 2606 1540 2692 medio,
1565 2607 1727 2698 adparet,
1754 2629 1934 2690 secuturas
1952 2647 2025 2697 esse
2040 2636 2133 2706 cala-

1137 2708 1275 2778 mitates
1290 2707 1466 2799 publicas,
1496 2707 1627 2802 quibus
1640 2705 1681 2780 hi
1695 2712 1864 2804 singulari
1880 2715 1949 2792 Dei
1962 2725 2134 2810 beneficio

1137 2809 1412 2902 praeripiuntur.
1462 2807 1575 2879 Nobis
1603 2811 1712 2901 igilur
1735 2809 1821 2888 haec
1847 2821 1973 2898 funcra
2004 2835 2137 2914 minari

1136 2925 1169 2983 et
1183 2936 1247 2982 uos
1263 2913 1307 2980 ad
1323 2913 1487 3004 pictatem
1502 2914 1660 2983 revocari
1676 2940 1751 2986 uon
1766 2921 1981 3005 dubitemus.
2016 2936 2136 3028 Quare

1134 3014 1307 3084 intuenda
1326 3026 1411 3085 suut
1430 3007 1516 3084 hacc
1539 3019 1698 3110 exempla
1718 3033 1753 3092 et
1766 3023 1930 3100 voluntas
1947 3029 2016 3106 Dei
2038 3047 2135 3136 cogi.

1133 3115 1254 3191 tanda.

1236 3261 1457 3338 Meministis
1481 3281 1598 3340 antem
1625 3270 1752 3344 lunera
1782 3280 1912 3369 priora.
1968 3285 2073 3364 Nunc
2100 3315 2135 3372 et

1134 3359 1381 3438 honestissima
1404 3369 1560 3444 coniunx
1575 3371 1628 3446 M.
1646 3371 1808 3446 Erasmi
1823 3376 2035 3460 ltanholdt
2053 3395 2134 3470 Sal.

1134 3469 1328 3549 midensis,
1352 3463 1581 3564 Margarita
1605 3467 1791 3562 Boaerin,
1817 3502 1942 3558 ornata
1963 3497 2133 3574 omnihus

1131 3569 1324 3642 virtutibus
1340 3567 1508 3643 honestae
1529 3588 1564 3644 et
1585 3578 1663 3665 piae
1679 3587 1862 3653 matronae
1886 3597 2132 3674 convenienti.

1131 3672 1216 3760 bus,
1241 3673 1279 3742 in
1297 3689 1399 3764 partu
1417 3676 1568 3746 extincta
1591 3690 1659 3760 cst,
1685 3688 1970 3780 quemqueen,
1998 3721 2077 3772 cum
2098 3721 2132 3780 et

1131 3785 1232 3844 antea
1256 3775 1313 3866 pie
1336 3777 1482 3862 vixerit,
1508 3793 1543 3848 et
1564 3803 1662 3854 uutrc
1684 3784 1722 3852 in
1741 3778 1807 3857 hae
1830 3813 1893 3860 sua
1908 3795 2035 3872 militia
2056 3829 2130 3881 sese

1130 3874 1356 3948 invocatione
1376 3879 1439 3948 tilii
1457 3877 1525 3952 Dei
1542 3881 1580 3950 in
1600 3885 1763 3956 maximis
1779 3895 1995 3970 cnrciatibus
2010 3919 2042 3976 et
2059 3911 2131 3981 dif-

1129 3977 1288 4048 ficillimo
1302 4003 1414 4069 agone
1430 3997 1634 4054 constanter
1651 3992 1809 4074 erexerit,
1834 4019 1907 4066 non
1925 3995 2128 4086 dubitemus

1129 4081 1172 4150 ad
1189 4083 1374 4152 coelestem
1387 4089 1678 4156 consuetudinem
1692 4088 1759 4160 Dei
1776 4107 1810 4164 et
1823 4091 2001 4176 Ecclesiae
2015 4127 2128 4186 aeter-

1130 4205 1195 4252 nae
1208 4187 1368 4252 eductam
1385 4209 1469 4254 csse.
1508 4187 1577 4260 Sed
1598 4191 1714 4260 mariti
1733 4196 1862 4268 vrtlnus
1879 4227 2045 4294 magnum
2064 4233 2126 4295 est.

1127 4281 1245 4354 Huius
1265 4285 1363 4354 luctu
1383 4287 1607 4374 adiiciamus,
1634 4299 1837 4381 praesertim
1860 4328 1941 4373 cum
1962 4312 1995 4378 ci
2016 4321 2126 4404 grati.

1126 4386 1214 4456 tudo
1245 4387 1435 4474 debeatur,
1468 4391 1550 4484 quia
1573 4392 1685 4482 ipsius
1712 4421 1817 4489 opera
1845 4416 1880 4474 et
1907 4411 2111 4491 assiduitate

1126 4511 1232 4580 quam
1263 4489 1396 4589 multos
1425 4515 1538 4561 annos
1565 4509 1732 4584 praestat,
1763 4501 1833 4571 late
1857 4529 2047 4602 propagata
2071 4480 2123 4596 esi

1126 4589 1288 4660 doctrina
1308 4587 1580 4678 mathematom,
1605 4621 1711 4690 quam
1733 4603 1830 4674 scitis
1846 4611 2122 4696 valdenecessa-

1124 4691 1214 4760 riam
1239 4715 1312 4762 esse
1336 4687 1523 4764 hominum
1547 4697 1656 4779 vitae,
1688 4713 1724 4772 ct
1743 4707 1880 4777 nemini
1902 4736 2047 4807 nocere,
2080 4752 2122 4798 ac

1125 4792 1262 4862 flectere
1287 4794 1428 4884 ingenia
1451 4799 1494 4866 ad
1523 4799 1619 4890 pacis
1648 4805 1812 4894 publicae
1838 4823 1873 4879 et
1900 4817 1945 4884 ad
1977 4823 2120 4901 virtutis

1124 4917 1293 4968 amorem.
1360 4891 1537 4970 Adiunxit
1570 4916 1686 4972 autem
1719 4909 1762 4974 ad
1800 4905 1928 4985 harum
1963 4921 2119 5012 ipsarum

1123 4997 1252 5066 artium
1279 4999 1516 5086 cognitionem
1546 5017 1580 5074 et
1609 5005 1696 5074 alias
1723 5009 1872 5084 virtutes
1905 5031 2122 5104 convenicu-

1123 5111 1174 5167 tes
1206 5100 1284 5167 viro
1320 5095 1487 5191 honesto,
1529 5117 1563 5174 et
1596 5129 1715 5176 veram
1741 5107 1809 5181 Dei
1841 5121 2057 5206 agnitionem
2086 5153 2119 5209 et

1123 5199 1394 5276 invocationem.
1456 5203 1669 5278 Moveamur
1689 5209 1793 5282 etiam
1818 5222 2030 5310 cogitatione
2052 5239 2118 5308 do.

1123 5301 1239 5371 lorum
1262 5307 1490 5394 parturientis
1512 5302 1707 5398 Ecclesiae,
1734 5327 1767 5385 et
1788 5333 1885 5391 metu
1911 5325 2120 5422 impendeo-

1123 5402 1212 5473 tium
1253 5406 1514 5490 calamitatum,
1554 5423 1589 5482 et
1626 5416 1819 5487 modestius
1860 5423 2038 5520 vivamus,
2078 5465 2119 5514 ac

1124 5505 1217 5574 reris
1242 5521 1276 5578 et
1300 5511 1508 5579 ardentibus
1538 5515 1630 5586 votis
1661 5517 1781 5590 Deum
1811 5545 1973 5614 oremus,
2009 5551 2050 5610 ut
2078 5544 2118 5614 in

1459 5615 1500 5684 11
