<?xml version="1.0" encoding="UTF-8"?>
<!DOCTYPE html PUBLIC "-//W3C//DTD XHTML 1.0 Transitional//EN"
    "http://www.w3.org/TR/xhtml1/DTD/xhtml1-transitional.dtd">
<html xmlns="http://www.w3.org/1999/xhtml" xml:lang="en" lang="en">
 <head>
  <title>
</title>
<meta http-equiv="Content-Type" content="text/html;charset=utf-8" />
  <meta name='ocr-system' content='tesseract 3.04.00' />
  <meta name='ocr-capabilities' content='ocr_page ocr_carea ocr_par ocr_line ocrx_word'/>
</head>
<body>
  <div class='ocr_page' id='page_1' title='image "./philippimelanth04bindgoog_0533.png"; bbox 0 0 4730 6202; ppageno 0'>
   <div class='ocr_carea' id='block_1_1' title="bbox 108 313 1100 404">
    <p class='ocr_par' dir='ltr' id='par_1_1' title="bbox 108 313 1100 404">
     <span class='ocr_line' id='line_1_1' title="bbox 108 313 1100 404; baseline -0.009 -1"><span class='ocrx_word' id='word_1_1' title='bbox 108 325 197 404; x_wconf 77' lang='lat'>100⁵</span> <span class='ocrx_word' id='word_1_2' title='bbox 661 313 1100 403; x_wconf 73' lang='lat' dir='ltr'>Eolsrouatttttt</span> 
     </span>
    </p>
   </div>
   <div class='ocr_carea' id='block_1_2' title="bbox 100 493 1114 898">
    <p class='ocr_par' dir='ltr' id='par_1_2' title="bbox 100 493 1114 898">
     <span class='ocr_line' id='line_1_2' title="bbox 101 493 1093 592; baseline -0.01 -20"><span class='ocrx_word' id='word_1_3' title='bbox 101 515 216 574; x_wconf 92' lang='lat' dir='ltr'>noster</span> <span class='ocrx_word' id='word_1_4' title='bbox 242 499 338 572; x_wconf 88' lang='lat' dir='ltr'>lesus</span> <span class='ocrx_word' id='word_1_5' title='bbox 363 497 539 575; x_wconf 88' lang='lat' dir='ltr'>Christus.</span> <span class='ocrx_word' id='word_1_6' title='bbox 607 496 660 572; x_wconf 87' lang='lat' dir='ltr'>Ac</span> <span class='ocrx_word' id='word_1_7' title='bbox 686 513 824 592; x_wconf 87' lang='lat' dir='ltr'>tempus</span> <span class='ocrx_word' id='word_1_8' title='bbox 857 521 938 569; x_wconf 89' lang='lat' dir='ltr'>cum</span> <span class='ocrx_word' id='word_1_9' title='bbox 967 493 1093 565; x_wconf 87' lang='lat' dir='ltr'>multis</span> 
     </span>
     <span class='ocr_line' id='line_1_3' title="bbox 100 590 1114 694; baseline -0.011 -20"><span class='ocrx_word' id='word_1_10' title='bbox 100 605 184 674; x_wconf 89' lang='lat' dir='ltr'>meis</span> <span class='ocrx_word' id='word_1_11' title='bbox 199 603 514 694; x_wconf 82' lang='lat' dir='ltr'>significationibus</span> <span class='ocrx_word' id='word_1_12' title='bbox 531 601 710 692; x_wconf 80' lang='lat' dir='ltr'>congruit,</span> <span class='ocrx_word' id='word_1_13' title='bbox 728 616 770 671; x_wconf 87' lang='lat' dir='ltr'>ut</span> <span class='ocrx_word' id='word_1_14' title='bbox 786 601 890 670; x_wconf 90' lang='lat' dir='ltr'>multi</span> <span class='ocrx_word' id='word_1_15' title='bbox 908 621 1004 668; x_wconf 90' lang='lat' dir='ltr'>meos</span> <span class='ocrx_word' id='word_1_16' title='bbox 1019 619 1094 664; x_wconf 88' lang='lat' dir='ltr'>ser·</span> <span class='ocrx_word' id='word_1_17' title='bbox 1110 590 1114 616; x_wconf 90' lang='lat'>&#39;</span> 
     </span>
     <span class='ocr_line' id='line_1_4' title="bbox 101 701 1093 798; baseline -0.011 -23"><span class='ocrx_word' id='word_1_18' title='bbox 101 727 219 775; x_wconf 88' lang='lat' dir='ltr'>moues</span> <span class='ocrx_word' id='word_1_19' title='bbox 230 705 481 774; x_wconf 87' lang='lat' dir='ltr'>meminerunt.</span> <span class='ocrx_word' id='word_1_20' title='bbox 516 701 721 773; x_wconf 85' lang='lat' dir='ltr'>Erasmam</span> <span class='ocrx_word' id='word_1_21' title='bbox 739 709 890 798; x_wconf 78' lang='lat' dir='ltr'>quaeso,</span> <span class='ocrx_word' id='word_1_22' title='bbox 916 715 957 771; x_wconf 89' lang='lat' dir='ltr'>ut</span> <span class='ocrx_word' id='word_1_23' title='bbox 971 721 1093 770; x_wconf 86' lang='lat' dir='ltr'>amau-</span> 
     </span>
     <span class='ocr_line' id='line_1_5' title="bbox 101 797 1091 898; baseline -0.01 -22"><span class='ocrx_word' id='word_1_24' title='bbox 101 821 151 876; x_wconf 91' lang='lat' dir='ltr'>tcr</span> <span class='ocrx_word' id='word_1_25' title='bbox 165 808 329 898; x_wconf 78' lang='lat' dir='ltr'>excipias,</span> <span class='ocrx_word' id='word_1_26' title='bbox 355 821 389 877; x_wconf 89' lang='lat' dir='ltr'>et</span> <span class='ocrx_word' id='word_1_27' title='bbox 402 829 600 877; x_wconf 89' lang='lat' dir='ltr'>moerorem</span> <span class='ocrx_word' id='word_1_28' title='bbox 619 807 652 874; x_wconf 91' lang='lat' dir='ltr'>ei</span> <span class='ocrx_word' id='word_1_29' title='bbox 666 797 703 896; x_wconf 76' lang='lat'>&#39;)</span> <span class='ocrx_word' id='word_1_30' title='bbox 720 805 841 877; x_wconf 89' lang='lat' dir='ltr'>lenias.</span> <span class='ocrx_word' id='word_1_31' title='bbox 893 801 1000 872; x_wconf 89' lang='lat' dir='ltr'>Plura</span> <span class='ocrx_word' id='word_1_32' title='bbox 1018 823 1091 868; x_wconf 88' lang='lat' dir='ltr'>nou</span> 
     </span>
    </p>
   </div>
   <div class='ocr_carea' id='block_1_3' title="bbox 99 1007 1040 1216">
    <p class='ocr_par' dir='ltr' id='par_1_3' title="bbox 99 1007 1040 1216">
     <span class='ocr_line' id='line_1_6' title="bbox 99 1007 702 1084; baseline 0.007 -8"><span class='ocrx_word' id='word_1_33' title='bbox 99 1023 130 1080; x_wconf 87' lang='lat' dir='ltr'>et</span> <span class='ocrx_word' id='word_1_34' title='bbox 147 1009 295 1079; x_wconf 83' lang='lat' dir='ltr'>feliciter</span> <span class='ocrx_word' id='word_1_35' title='bbox 310 1011 399 1084; x_wconf 88' lang='lat' dir='ltr'>vale.</span> <span class='ocrx_word' id='word_1_36' title='bbox 452 1009 510 1078; x_wconf 89' lang='lat' dir='ltr'>die</span> <span class='ocrx_word' id='word_1_37' title='bbox 526 1011 584 1083; x_wconf 91' lang='lat' dir='ltr'>1t.</span> <span class='ocrx_word' id='word_1_38' title='bbox 600 1007 702 1080; x_wconf 88' lang='lat' dir='ltr'>Maii.</span> 
     </span>
     <span class='ocr_line' id='line_1_7' title="bbox 611 1117 1040 1216; baseline -0.012 -22"><span class='ocrx_word' id='word_1_39' title='bbox 611 1119 799 1216; x_wconf 83' lang='lat' dir='ltr'>Philippus</span> <span class='ocrx_word' id='word_1_40' title='bbox 814 1117 1040 1194; x_wconf 85' lang='lat' dir='ltr'>Melanthon.</span> 
     </span>
    </p>
   </div>
   <div class='ocr_carea' id='block_1_4' title="bbox 111 1378 353 1388">
    <p class='ocr_par' dir='ltr' id='par_1_4' title="bbox 111 1378 353 1388">
     <span class='ocr_line' id='line_1_8' title="bbox 111 1378 353 1388; baseline -0.008 0"><span class='ocrx_word' id='word_1_41' title='bbox 111 1378 353 1388; x_wconf 53' lang='lat' dir='ltr'>——m-—uun-</span> 
     </span>
    </p>
   </div>
   <div class='ocr_carea' id='block_1_5' title="bbox 111 1549 303 1626">
    <p class='ocr_par' dir='ltr' id='par_1_5' title="bbox 111 1549 303 1626">
     <span class='ocr_line' id='line_1_9' title="bbox 111 1549 303 1626; baseline 0.016 -4"><span class='ocrx_word' id='word_1_42' title='bbox 111 1553 173 1626; x_wconf 85' lang='lat' dir='ltr'>No.</span> <span class='ocrx_word' id='word_1_43' title='bbox 190 1549 303 1626; x_wconf 75' lang='lat'>5122.</span> 
     </span>
    </p>
   </div>
   <div class='ocr_carea' id='block_1_6' title="bbox 103 1649 308 1682">
    <p class='ocr_par' dir='ltr' id='par_1_6' title="bbox 103 1649 308 1682">
     <span class='ocr_line' id='line_1_10' title="bbox 103 1649 308 1682; baseline 0.02 -5"><span class='ocrx_word' id='word_1_44' title='bbox 103 1649 308 1682; x_wconf 55' lang='grc' dir='ltr'><strong>Μ</strong></span> 
     </span>
    </p>
   </div>
   <div class='ocr_carea' id='block_1_7' title="bbox 917 1555 1076 1624">
    <p class='ocr_par' dir='ltr' id='par_1_7' title="bbox 917 1555 1076 1624">
     <span class='ocr_line' id='line_1_11' title="bbox 917 1555 1076 1624; baseline -0.019 0"><span class='ocrx_word' id='word_1_45' title='bbox 917 1563 973 1624; x_wconf 75' lang='grc'>12.</span> <span class='ocrx_word' id='word_1_46' title='bbox 988 1555 1076 1621; x_wconf 70' lang='lat' dir='ltr'>bladi.</span> 
     </span>
    </p>
   </div>
   <div class='ocr_carea' id='block_1_8' title="bbox 911 1646 1083 1674">
    <p class='ocr_par' dir='ltr' id='par_1_8' title="bbox 911 1646 1083 1674">
     <span class='ocr_line' id='line_1_12' title="bbox 911 1646 1083 1674; baseline 0 0"><span class='ocrx_word' id='word_1_47' title='bbox 911 1646 1083 1674; x_wconf 55' lang='lat' dir='ltr'>*m</span> 
     </span>
    </p>
   </div>
   <div class='ocr_carea' id='block_1_9' title="bbox 442 1751 745 1838">
    <p class='ocr_par' dir='ltr' id='par_1_9' title="bbox 442 1751 745 1838">
     <span class='ocr_line' id='line_1_13' title="bbox 442 1751 745 1838; baseline -0.013 0"><span class='ocrx_word' id='word_1_48' title='bbox 442 1751 494 1838; x_wconf 85' lang='lat' dir='ltr'>G.</span> <span class='ocrx_word' id='word_1_49' title='bbox 518 1751 745 1838; x_wconf 80' lang='lat' dir='ltr'>Fabricio.</span> 
     </span>
    </p>
   </div>
   <div class='ocr_carea' id='block_1_10' title="bbox 190 1921 554 2002">
    <p class='ocr_par' dir='ltr' id='par_1_10' title="bbox 190 1921 554 2002">
     <span class='ocr_line' id='line_1_14' title="bbox 190 1921 554 2002; baseline -0.011 -16"><span class='ocrx_word' id='word_1_50' title='bbox 190 1921 554 2002; x_wconf 51' lang='lat' dir='ltr'>ffimffiwpfflm</span> 
     </span>
    </p>
   </div>
   <div class='ocr_carea' id='block_1_11' title="bbox 131 2085 1052 2266">
    <p class='ocr_par' dir='ltr' id='par_1_11' title="bbox 131 2085 1052 2266">
     <span class='ocr_line' id='line_1_15' title="bbox 131 2085 1052 2192; baseline -0.009 -22"><span class='ocrx_word' id='word_1_51' title='bbox 131 2093 332 2192; x_wconf 78' lang='lat' dir='ltr'>Georgia</span> <span class='ocrx_word' id='word_1_52' title='bbox 357 2089 604 2176; x_wconf 80' lang='lat' dir='ltr'>Fabricio,</span> <span class='ocrx_word' id='word_1_53' title='bbox 630 2090 858 2186; x_wconf 76' lang='lat' dir='ltr'>gubernanti</span> <span class='ocrx_word' id='word_1_54' title='bbox 873 2085 1052 2164; x_wconf 81' lang='lat' dir='ltr'>Sububam</span> 
     </span>
     <span class='ocr_line' id='line_1_16' title="bbox 476 2191 714 2266; baseline -0.008 0"><span class='ocrx_word' id='word_1_55' title='bbox 476 2191 714 2266; x_wconf 82' lang='lat' dir='ltr'>Misnensem.</span> 
     </span>
    </p>
   </div>
   <div class='ocr_carea' id='block_1_12' title="bbox 94 2334 1090 2844">
    <p class='ocr_par' dir='ltr' id='par_1_12' title="bbox 94 2334 1090 2844">
     <span class='ocr_line' id='line_1_17' title="bbox 97 2334 1089 2442; baseline -0.004 -24"><span class='ocrx_word' id='word_1_56' title='bbox 97 2334 188 2418; x_wconf 85' lang='lat' dir='ltr'>Sum</span> <span class='ocrx_word' id='word_1_57' title='bbox 208 2344 334 2426; x_wconf 87' lang='lat' dir='ltr'>Pater,</span> <span class='ocrx_word' id='word_1_58' title='bbox 367 2357 418 2429; x_wconf 88' lang='lat' dir='ltr'>et,</span> <span class='ocrx_word' id='word_1_59' title='bbox 451 2357 490 2416; x_wconf 91' lang='lat' dir='ltr'>ut</span> <span class='ocrx_word' id='word_1_60' title='bbox 508 2365 572 2434; x_wconf 81' lang='lat' dir='ltr'>ego</span> <span class='ocrx_word' id='word_1_61' title='bbox 594 2343 778 2430; x_wconf 85' lang='lat' dir='ltr'>existimo,</span> <span class='ocrx_word' id='word_1_62' title='bbox 811 2367 877 2415; x_wconf 89' lang='lat' dir='ltr'>uec</span> <span class='ocrx_word' id='word_1_63' title='bbox 896 2341 1089 2442; x_wconf 76' lang='grc' dir='ltr'><em>ἄστοργος,</em></span> 
     </span>
     <span class='ocr_line' id='line_1_18' title="bbox 99 2445 1090 2540; baseline -0.001 -24"><span class='ocrx_word' id='word_1_64' title='bbox 99 2473 157 2518; x_wconf 92' lang='lat' dir='ltr'>nec</span> <span class='ocrx_word' id='word_1_65' title='bbox 176 2449 331 2533; x_wconf 77' lang='lat' dir='ltr'>ferreus,</span> <span class='ocrx_word' id='word_1_66' title='bbox 361 2469 469 2540; x_wconf 87' lang='lat' dir='ltr'>quare</span> <span class='ocrx_word' id='word_1_67' title='bbox 492 2449 536 2516; x_wconf 87' lang='lat' dir='ltr'>de</span> <span class='ocrx_word' id='word_1_68' title='bbox 559 2447 723 2536; x_wconf 82' lang='lat' dir='ltr'>coniugio</span> <span class='ocrx_word' id='word_1_69' title='bbox 747 2460 781 2516; x_wconf 92' lang='lat' dir='ltr'>et</span> <span class='ocrx_word' id='word_1_70' title='bbox 796 2447 927 2517; x_wconf 89' lang='lat' dir='ltr'>uostris</span> <span class='ocrx_word' id='word_1_71' title='bbox 944 2445 1090 2515; x_wconf 80' lang='lat' dir='ltr'>familiis</span> 
     </span>
     <span class='ocr_line' id='line_1_19' title="bbox 98 2545 1090 2640; baseline -0.005 -22"><span class='ocrx_word' id='word_1_72' title='bbox 98 2573 229 2620; x_wconf 88' lang='lat' dir='ltr'>necesse</span> <span class='ocrx_word' id='word_1_73' title='bbox 249 2563 317 2632; x_wconf 88' lang='lat' dir='ltr'>est,</span> <span class='ocrx_word' id='word_1_74' title='bbox 342 2571 398 2617; x_wconf 91' lang='lat' dir='ltr'>me</span> <span class='ocrx_word' id='word_1_75' title='bbox 413 2548 523 2617; x_wconf 89' lang='lat' dir='ltr'>multa</span> <span class='ocrx_word' id='word_1_76' title='bbox 539 2561 573 2617; x_wconf 88' lang='lat' dir='ltr'>et</span> <span class='ocrx_word' id='word_1_77' title='bbox 589 2571 689 2640; x_wconf 82' lang='lat' dir='ltr'>saepe</span> <span class='ocrx_word' id='word_1_78' title='bbox 704 2547 866 2638; x_wconf 82' lang='lat' dir='ltr'>cogitare.</span> <span class='ocrx_word' id='word_1_79' title='bbox 917 2545 1008 2617; x_wconf 91' lang='lat' dir='ltr'>Cum</span> <span class='ocrx_word' id='word_1_80' title='bbox 1023 2547 1090 2636; x_wconf 81' lang='lat' dir='ltr'>igi-</span> 
     </span>
     <span class='ocr_line' id='line_1_20' title="bbox 95 2649 1089 2740; baseline -0.006 -18"><span class='ocrx_word' id='word_1_81' title='bbox 95 2665 150 2722; x_wconf 87' lang='lat' dir='ltr'>tur</span> <span class='ocrx_word' id='word_1_82' title='bbox 164 2651 389 2734; x_wconf 81' lang='lat' dir='ltr'>audivissem,</span> <span class='ocrx_word' id='word_1_83' title='bbox 407 2663 441 2720; x_wconf 89' lang='lat' dir='ltr'>tc</span> <span class='ocrx_word' id='word_1_84' title='bbox 458 2671 627 2740; x_wconf 88' lang='lat' dir='ltr'>sponsum</span> <span class='ocrx_word' id='word_1_85' title='bbox 644 2671 728 2730; x_wconf 90' lang='lat' dir='ltr'>esse,</span> <span class='ocrx_word' id='word_1_86' title='bbox 749 2663 783 2720; x_wconf 91' lang='lat' dir='ltr'>ct</span> <span class='ocrx_word' id='word_1_87' title='bbox 799 2649 995 2740; x_wconf 82' lang='lat' dir='ltr'>gratulatus</span> <span class='ocrx_word' id='word_1_88' title='bbox 1010 2671 1089 2718; x_wconf 90' lang='lat' dir='ltr'>sum</span> 
     </span>
     <span class='ocr_line' id='line_1_21' title="bbox 94 2747 1089 2844; baseline -0.005 -22"><span class='ocrx_word' id='word_1_89' title='bbox 94 2753 155 2822; x_wconf 89' lang='lat' dir='ltr'>tibi</span> <span class='ocrx_word' id='word_1_90' title='bbox 172 2749 265 2824; x_wconf 90' lang='lat' dir='ltr'>hanc</span> <span class='ocrx_word' id='word_1_91' title='bbox 283 2754 376 2844; x_wconf 92' lang='lat' dir='ltr'>piam</span> <span class='ocrx_word' id='word_1_92' title='bbox 394 2752 630 2830; x_wconf 89' lang='lat' dir='ltr'>voluntatem,</span> <span class='ocrx_word' id='word_1_93' title='bbox 657 2766 691 2820; x_wconf 90' lang='lat' dir='ltr'>ct</span> <span class='ocrx_word' id='word_1_94' title='bbox 706 2749 834 2836; x_wconf 91' lang='lat' dir='ltr'>Deum,</span> <span class='ocrx_word' id='word_1_95' title='bbox 856 2747 1089 2822; x_wconf 87' lang='lat' dir='ltr'>Conditorem</span> 
     </span>
    </p>
   </div>
   <div class='ocr_carea' id='block_1_13' title="bbox 95 2848 1150 2944">
    <p class='ocr_par' dir='ltr' id='par_1_13' title="bbox 95 2848 1150 2944">
     <span class='ocr_line' id='line_1_22' title="bbox 95 2848 1150 2944; baseline -0.002 -22"><span class='ocrx_word' id='word_1_96' title='bbox 95 2857 225 2944; x_wconf 82' lang='lat' dir='ltr'>generis</span> <span class='ocrx_word' id='word_1_97' title='bbox 254 2848 423 2939; x_wconf 88' lang='lat' dir='ltr'>humani,</span> <span class='ocrx_word' id='word_1_98' title='bbox 454 2865 489 2922; x_wconf 89' lang='lat' dir='ltr'>ct</span> <span class='ocrx_word' id='word_1_99' title='bbox 513 2851 705 2923; x_wconf 83' lang='lat' dir='ltr'>dulcissimi</span> <span class='ocrx_word' id='word_1_100' title='bbox 723 2851 875 2922; x_wconf 81' lang='lat' dir='ltr'>foederis</span> <span class='ocrx_word' id='word_1_101' title='bbox 893 2851 1089 2941; x_wconf 82' lang='lat' dir='ltr'>coniugalis</span> <span class='ocrx_word' id='word_1_102' title='bbox 1141 2883 1150 2900; x_wconf 94' lang='lat'><strong>·</strong></span> 
     </span>
    </p>
   </div>
   <div class='ocr_carea' id='block_1_14' title="bbox 93 2953 1089 3958">
    <p class='ocr_par' dir='ltr' id='par_1_14' title="bbox 93 2953 1089 3958">
     <span class='ocr_line' id='line_1_23' title="bbox 94 2953 1089 3047; baseline -0.002 -21"><span class='ocrx_word' id='word_1_103' title='bbox 94 2971 251 3026; x_wconf 84' lang='lat' dir='ltr'>autorem</span> <span class='ocrx_word' id='word_1_104' title='bbox 275 2954 411 3047; x_wconf 84' lang='lat' dir='ltr'>precari</span> <span class='ocrx_word' id='word_1_105' title='bbox 429 2955 547 3046; x_wconf 88' lang='lat' dir='ltr'>coepi,</span> <span class='ocrx_word' id='word_1_106' title='bbox 573 2965 614 3022; x_wconf 89' lang='lat' dir='ltr'>ut</span> <span class='ocrx_word' id='word_1_107' title='bbox 628 2953 762 3024; x_wconf 89' lang='lat' dir='ltr'>tribuat</span> <span class='ocrx_word' id='word_1_108' title='bbox 777 2953 844 3023; x_wconf 90' lang='lat' dir='ltr'>tibi</span> <span class='ocrx_word' id='word_1_109' title='bbox 861 2953 1039 3044; x_wconf 88' lang='lat' dir='ltr'>placidum</span> <span class='ocrx_word' id='word_1_110' title='bbox 1055 2967 1089 3024; x_wconf 89' lang='lat' dir='ltr'>et</span> 
     </span>
     <span class='ocr_line' id='line_1_24' title="bbox 93 3053 1088 3146; baseline -0.001 -21"><span class='ocrx_word' id='word_1_111' title='bbox 93 3057 171 3126; x_wconf 80' lang='lat' dir='ltr'>felir</span> <span class='ocrx_word' id='word_1_112' title='bbox 190 3057 417 3146; x_wconf 82' lang='lat' dir='ltr'>coniugium,</span> <span class='ocrx_word' id='word_1_113' title='bbox 450 3069 484 3126; x_wconf 86' lang='lat' dir='ltr'>et</span> <span class='ocrx_word' id='word_1_114' title='bbox 505 3055 650 3139; x_wconf 80' lang='lat' dir='ltr'>efficiar,</span> <span class='ocrx_word' id='word_1_115' title='bbox 682 3065 723 3125; x_wconf 92' lang='lat' dir='ltr'>ut</span> <span class='ocrx_word' id='word_1_116' title='bbox 745 3053 882 3146; x_wconf 88' lang='lat' dir='ltr'>privata</span> <span class='ocrx_word' id='word_1_117' title='bbox 906 3056 1011 3126; x_wconf 89' lang='lat' dir='ltr'>etiam</span> <span class='ocrx_word' id='word_1_118' title='bbox 1028 3065 1088 3126; x_wconf 91' lang='lat' dir='ltr'>tua</span> 
     </span>
     <span class='ocr_line' id='line_1_25' title="bbox 95 3154 1087 3238; baseline -0.002 -12"><span class='ocrx_word' id='word_1_119' title='bbox 95 3161 215 3230; x_wconf 89' lang='lat' dir='ltr'>domus</span> <span class='ocrx_word' id='word_1_120' title='bbox 228 3158 278 3229; x_wconf 88' lang='lat' dir='ltr'>sit</span> <span class='ocrx_word' id='word_1_121' title='bbox 294 3154 464 3238; x_wconf 82' lang='lat' dir='ltr'>Ecclesia,</span> <span class='ocrx_word' id='word_1_122' title='bbox 489 3169 531 3227; x_wconf 91' lang='lat' dir='ltr'>ut</span> <span class='ocrx_word' id='word_1_123' title='bbox 546 3171 580 3227; x_wconf 91' lang='lat' dir='ltr'>et</span> <span class='ocrx_word' id='word_1_124' title='bbox 594 3169 711 3227; x_wconf 87' lang='lat' dir='ltr'>coetus</span> <span class='ocrx_word' id='word_1_125' title='bbox 723 3167 867 3228; x_wconf 89' lang='lat' dir='ltr'>tuorum</span> <span class='ocrx_word' id='word_1_126' title='bbox 883 3155 1087 3228; x_wconf 89' lang='lat' dir='ltr'>auditorum</span> 
     </span>
     <span class='ocr_line' id='line_1_26' title="bbox 96 3255 1087 3350; baseline 0.002 -26"><span class='ocrx_word' id='word_1_127' title='bbox 96 3283 171 3328; x_wconf 86' lang='lat' dir='ltr'>vere</span> <span class='ocrx_word' id='word_1_128' title='bbox 203 3273 257 3330; x_wconf 86' lang='lat' dir='ltr'>est</span> <span class='ocrx_word' id='word_1_129' title='bbox 283 3255 370 3329; x_wconf 88' lang='lat' dir='ltr'>DEl</span> <span class='ocrx_word' id='word_1_130' title='bbox 395 3255 563 3332; x_wconf 86' lang='lat' dir='ltr'>Ecclesia.</span> <span class='ocrx_word' id='word_1_131' title='bbox 622 3255 725 3328; x_wconf 90' lang='lat' dir='ltr'>Hanc</span> <span class='ocrx_word' id='word_1_132' title='bbox 752 3258 935 3350; x_wconf 89' lang='lat' dir='ltr'>epistolam</span> <span class='ocrx_word' id='word_1_133' title='bbox 963 3257 1087 3350; x_wconf 86' lang='lat' dir='ltr'>scripsi</span> 
     </span>
     <span class='ocr_line' id='line_1_27' title="bbox 95 3355 1087 3458; baseline -0.002 -28"><span class='ocrx_word' id='word_1_134' title='bbox 95 3355 266 3458; x_wconf 81' lang='lat' dir='ltr'>Lipsiae,</span> <span class='ocrx_word' id='word_1_135' title='bbox 292 3383 372 3430; x_wconf 86' lang='lat' dir='ltr'>curu</span> <span class='ocrx_word' id='word_1_136' title='bbox 391 3361 435 3430; x_wconf 86' lang='lat' dir='ltr'>de</span> <span class='ocrx_word' id='word_1_137' title='bbox 448 3373 483 3432; x_wconf 90' lang='lat' dir='ltr'>te</span> <span class='ocrx_word' id='word_1_138' title='bbox 498 3359 729 3450; x_wconf 77' lang='lat' dir='ltr'>interroganti</span> <span class='ocrx_word' id='word_1_139' title='bbox 745 3359 848 3430; x_wconf 89' lang='lat' dir='ltr'>amici</span> <span class='ocrx_word' id='word_1_140' title='bbox 862 3355 948 3430; x_wconf 88' lang='lat' dir='ltr'>haec</span> <span class='ocrx_word' id='word_1_141' title='bbox 963 3381 1087 3428; x_wconf 88' lang='lat' dir='ltr'>narra-</span> 
     </span>
     <span class='ocr_line' id='line_1_28' title="bbox 95 3459 1087 3556; baseline -0.002 -25"><span class='ocrx_word' id='word_1_142' title='bbox 95 3477 187 3549; x_wconf 87' lang='lat' dir='ltr'>rent,</span> <span class='ocrx_word' id='word_1_143' title='bbox 219 3485 313 3556; x_wconf 89' lang='lat' dir='ltr'>quae</span> <span class='ocrx_word' id='word_1_144' title='bbox 336 3461 470 3553; x_wconf 89' lang='lat' dir='ltr'>scripsi.</span> <span class='ocrx_word' id='word_1_145' title='bbox 537 3459 608 3532; x_wconf 86' lang='lat' dir='ltr'>Sed</span> <span class='ocrx_word' id='word_1_146' title='bbox 634 3461 783 3531; x_wconf 87' lang='lat' dir='ltr'>certiora</span> <span class='ocrx_word' id='word_1_147' title='bbox 810 3485 850 3530; x_wconf 83' lang='lat' dir='ltr'>ex</span> <span class='ocrx_word' id='word_1_148' title='bbox 880 3461 950 3532; x_wconf 90' lang='lat' dir='ltr'>tuis</span> <span class='ocrx_word' id='word_1_149' title='bbox 975 3459 1087 3531; x_wconf 89' lang='lat' dir='ltr'>literis</span> 
     </span>
     <span class='ocr_line' id='line_1_29' title="bbox 93 3559 1088 3655; baseline -0.003 -21"><span class='ocrx_word' id='word_1_150' title='bbox 93 3585 349 3654; x_wconf 84' lang='lat' dir='ltr'>cognoscemus.</span> <span class='ocrx_word' id='word_1_151' title='bbox 388 3559 583 3633; x_wconf 84' lang='lat' dir='ltr'>Exhibebit</span> <span class='ocrx_word' id='word_1_152' title='bbox 599 3577 714 3634; x_wconf 90' lang='lat' dir='ltr'>autem</span> <span class='ocrx_word' id='word_1_153' title='bbox 730 3561 932 3655; x_wconf 87' lang='lat' dir='ltr'>epistolam,</span> <span class='ocrx_word' id='word_1_154' title='bbox 959 3563 1014 3632; x_wconf 89' lang='lat' dir='ltr'>vir</span> <span class='ocrx_word' id='word_1_155' title='bbox 1028 3585 1088 3631; x_wconf 83' lang='lat' dir='ltr'>ex-</span> 
     </span>
     <span class='ocr_line' id='line_1_30' title="bbox 94 3663 1087 3754; baseline -0.002 -20"><span class='ocrx_word' id='word_1_156' title='bbox 94 3667 218 3736; x_wconf 86' lang='lat' dir='ltr'>cellens</span> <span class='ocrx_word' id='word_1_157' title='bbox 243 3663 405 3754; x_wconf 85' lang='lat' dir='ltr'>iugenio,</span> <span class='ocrx_word' id='word_1_158' title='bbox 437 3663 638 3733; x_wconf 76' lang='lat' dir='ltr'>eruditione</span> <span class='ocrx_word' id='word_1_159' title='bbox 660 3677 693 3733; x_wconf 93' lang='lat' dir='ltr'>et</span> <span class='ocrx_word' id='word_1_160' title='bbox 716 3665 915 3754; x_wconf 79' lang='lat' dir='ltr'>integritate</span> <span class='ocrx_word' id='word_1_161' title='bbox 933 3687 1087 3744; x_wconf 88' lang='lat' dir='ltr'>morum,</span> 
     </span>
     <span class='ocr_line' id='line_1_31' title="bbox 93 3752 1086 3859; baseline -0.002 -25"><span class='ocrx_word' id='word_1_162' title='bbox 93 3761 223 3838; x_wconf 84' lang='lat' dir='ltr'>Ductor</span> <span class='ocrx_word' id='word_1_163' title='bbox 243 3765 422 3849; x_wconf 88' lang='lat' dir='ltr'>Medicus,</span> <span class='ocrx_word' id='word_1_164' title='bbox 447 3752 564 3834; x_wconf 82' lang='lat' dir='ltr'>Croto</span> <span class='ocrx_word' id='word_1_165' title='bbox 581 3763 888 3851; x_wconf 84' lang='lat' dir='ltr'>Vratislaviensis,</span> <span class='ocrx_word' id='word_1_166' title='bbox 911 3766 971 3859; x_wconf 91' lang='lat' dir='ltr'>qui</span> <span class='ocrx_word' id='word_1_167' title='bbox 988 3778 1086 3834; x_wconf 90' lang='lat' dir='ltr'>tuam</span> 
     </span>
     <span class='ocr_line' id='line_1_32' title="bbox 94 3863 1087 3958; baseline -0.002 -22"><span class='ocrx_word' id='word_1_168' title='bbox 94 3869 281 3940; x_wconf 86' lang='lat' dir='ltr'>amicitiam</span> <span class='ocrx_word' id='word_1_169' title='bbox 306 3867 408 3936; x_wconf 86' lang='lat' dir='ltr'>valde</span> <span class='ocrx_word' id='word_1_170' title='bbox 431 3865 571 3958; x_wconf 85' lang='lat' dir='ltr'>expetit.</span> <span class='ocrx_word' id='word_1_171' title='bbox 624 3863 701 3936; x_wconf 88' lang='lat' dir='ltr'>Scis</span> <span class='ocrx_word' id='word_1_172' title='bbox 718 3879 853 3950; x_wconf 88' lang='lat' dir='ltr'>autem,</span> <span class='ocrx_word' id='word_1_173' title='bbox 884 3891 941 3934; x_wconf 89' lang='lat' dir='ltr'>me</span> <span class='ocrx_word' id='word_1_174' title='bbox 956 3879 1087 3958; x_wconf 84' lang='lat' dir='ltr'>optare,</span> 
     </span>
    </p>
   </div>
   <div class='ocr_carea' id='block_1_15' title="bbox 93 3961 1087 4269">
    <p class='ocr_par' dir='ltr' id='par_1_15' title="bbox 93 3961 1087 4269">
     <span class='ocr_line' id='line_1_33' title="bbox 93 3961 1087 4063; baseline -0.001 -27"><span class='ocrx_word' id='word_1_175' title='bbox 93 3981 129 4038; x_wconf 91' lang='lat' dir='ltr'>ut</span> <span class='ocrx_word' id='word_1_176' title='bbox 156 3967 411 4063; x_wconf 85' lang='lat' dir='ltr'>quamplurimi</span> <span class='ocrx_word' id='word_1_177' title='bbox 434 3967 473 4036; x_wconf 91' lang='lat' dir='ltr'>iu</span> <span class='ocrx_word' id='word_1_178' title='bbox 496 3965 573 4038; x_wconf 89' lang='lat' dir='ltr'>Deo</span> <span class='ocrx_word' id='word_1_179' title='bbox 597 3989 709 4036; x_wconf 90' lang='lat' dir='ltr'>uuum</span> <span class='ocrx_word' id='word_1_180' title='bbox 734 3965 855 4039; x_wconf 91' lang='lat' dir='ltr'>simus.</span> <span class='ocrx_word' id='word_1_181' title='bbox 914 3961 962 4036; x_wconf 82' lang='lat' dir='ltr'>Et</span> <span class='ocrx_word' id='word_1_182' title='bbox 984 3989 1087 4058; x_wconf 87' lang='lat' dir='ltr'>saepe</span> 
     </span>
     <span class='ocr_line' id='line_1_34' title="bbox 94 4063 1085 4152; baseline -0.002 -16"><span class='ocrx_word' id='word_1_183' title='bbox 94 4069 195 4141; x_wconf 88' lang='lat' dir='ltr'>recito</span> <span class='ocrx_word' id='word_1_184' title='bbox 233 4069 478 4140; x_wconf 87' lang='lat' dir='ltr'>dulcissimum</span> <span class='ocrx_word' id='word_1_185' title='bbox 513 4089 652 4138; x_wconf 86' lang='lat' dir='ltr'>versum</span> <span class='ocrx_word' id='word_1_186' title='bbox 684 4081 802 4152; x_wconf 84' lang='lat' dir='ltr'>tuum3</span> <span class='ocrx_word' id='word_1_187' title='bbox 842 4063 927 4137; x_wconf 85' lang='lat' dir='ltr'>Sint</span> <span class='ocrx_word' id='word_1_188' title='bbox 961 4091 1085 4152; x_wconf 86' lang='lat' dir='ltr'>unum,</span> 
     </span>
     <span class='ocr_line' id='line_1_35' title="bbox 96 4162 1085 4269; baseline 0.004 -35"><span class='ocrx_word' id='word_1_189' title='bbox 96 4162 242 4241; x_wconf 83' lang='lat' dir='ltr'>doceant</span> <span class='ocrx_word' id='word_1_190' title='bbox 264 4193 396 4254; x_wconf 91' lang='lat' dir='ltr'>unum,</span> <span class='ocrx_word' id='word_1_191' title='bbox 420 4167 620 4269; x_wconf 80' lang='lat' dir='ltr'>fateantur</span> <span class='ocrx_word' id='word_1_192' title='bbox 642 4177 673 4238; x_wconf 88' lang='lat' dir='ltr'>et</span> <span class='ocrx_word' id='word_1_193' title='bbox 695 4191 818 4238; x_wconf 89' lang='lat' dir='ltr'>unum.</span> <span class='ocrx_word' id='word_1_194' title='bbox 875 4165 973 4238; x_wconf 86' lang='lat' dir='ltr'>Bene</span> <span class='ocrx_word' id='word_1_195' title='bbox 996 4169 1085 4248; x_wconf 83' lang='lat' dir='ltr'>vale,</span> 
     </span>
    </p>
   </div>
   <div class='ocr_carea' id='block_1_16' title="bbox 95 4269 616 4346">
    <p class='ocr_par' dir='ltr' id='par_1_16' title="bbox 95 4269 616 4346">
     <span class='ocr_line' id='line_1_36' title="bbox 95 4269 616 4346; baseline 0.015 -8"><span class='ocrx_word' id='word_1_196' title='bbox 95 4285 124 4340; x_wconf 91' lang='lat' dir='ltr'>et</span> <span class='ocrx_word' id='word_1_197' title='bbox 141 4273 303 4346; x_wconf 84' lang='lat' dir='ltr'>rescribe.</span> <span class='ocrx_word' id='word_1_198' title='bbox 355 4271 423 4342; x_wconf 89' lang='lat' dir='ltr'>Die</span> <span class='ocrx_word' id='word_1_199' title='bbox 443 4273 499 4342; x_wconf 71' lang='lat'>12.</span> <span class='ocrx_word' id='word_1_200' title='bbox 516 4269 616 4345; x_wconf 89' lang='lat' dir='ltr'>Maii.</span> 
     </span>
    </p>
   </div>
   <div class='ocr_carea' id='block_1_17' title="bbox 104 4534 225 4546">
    <p class='ocr_par' dir='ltr' id='par_1_17' title="bbox 104 4534 225 4546">
     <span class='ocr_line' id='line_1_37' title="bbox 104 4534 225 4546; baseline 0.008 -1"><span class='ocrx_word' id='word_1_201' title='bbox 104 4534 225 4546; x_wconf 68' lang='grc' dir='ltr'>...ι-ι.-</span> 
     </span>
    </p>
   </div>
   <div class='ocr_carea' id='block_1_18' title="bbox 91 4703 286 4781">
    <p class='ocr_par' dir='ltr' id='par_1_18' title="bbox 91 4703 286 4781">
     <span class='ocr_line' id='line_1_38' title="bbox 91 4703 286 4781; baseline 0.031 -7"><span class='ocrx_word' id='word_1_202' title='bbox 91 4703 155 4778; x_wconf 87' lang='grc' dir='ltr'>Νο.</span> <span class='ocrx_word' id='word_1_203' title='bbox 170 4704 286 4781; x_wconf 74' lang='lat'>6128.</span> 
     </span>
    </p>
   </div>
   <div class='ocr_carea' id='block_1_19' title="bbox 99 4801 268 4832">
    <p class='ocr_par' dir='ltr' id='par_1_19' title="bbox 99 4801 268 4832">
     <span class='ocr_line' id='line_1_39' title="bbox 99 4801 268 4832; baseline 0.012 -2"><span class='ocrx_word' id='word_1_204' title='bbox 99 4801 268 4832; x_wconf 55' lang='lat' dir='ltr'>w</span> 
     </span>
    </p>
   </div>
   <div class='ocr_carea' id='block_1_20' title="bbox 156 4901 759 5158">
    <p class='ocr_par' dir='ltr' id='par_1_20' title="bbox 156 4901 759 5158">
     <span class='ocr_line' id='line_1_40' title="bbox 418 4901 759 4990; baseline -0.006 -2"><span class='ocrx_word' id='word_1_205' title='bbox 418 4901 472 4990; x_wconf 85' lang='lat' dir='ltr'>P.</span> <span class='ocrx_word' id='word_1_206' title='bbox 506 4903 552 4986; x_wconf 86' lang='lat' dir='ltr'><em>V</em></span> <span class='ocrx_word' id='word_1_207' title='bbox 548 4903 759 4990; x_wconf 82' lang='lat' dir='ltr'>iacentia.</span> 
     </span>
     <span class='ocr_line' id='line_1_41' title="bbox 156 5077 724 5158; baseline -0.004 -17"><span class='ocrx_word' id='word_1_208' title='bbox 156 5083 232 5151; x_wconf 65' lang='lat' dir='ltr'>th</span> <span class='ocrx_word' id='word_1_209' title='bbox 247 5083 379 5158; x_wconf 62' lang='lat' dir='ltr'>spernis</span> <span class='ocrx_word' id='word_1_210' title='bbox 394 5083 455 5142; x_wconf 85' lang='lat' dir='ltr'>cod.</span> <span class='ocrx_word' id='word_1_211' title='bbox 468 5079 554 5138; x_wconf 76' lang='lat' dir='ltr'>Paris.</span> <span class='ocrx_word' id='word_1_212' title='bbox 570 5077 607 5138; x_wconf 86' lang='lat' dir='ltr'>D.</span> <span class='ocrx_word' id='word_1_213' title='bbox 622 5077 724 5139; x_wconf 64' lang='grc' dir='ltr'>ΜΡ.</span> 
     </span>
    </p>
   </div>
   <div class='ocr_carea' id='block_1_21' title="bbox 121 5347 1083 5492">
    <p class='ocr_par' dir='ltr' id='par_1_21' title="bbox 121 5347 1083 5492">
     <span class='ocr_line' id='line_1_42' title="bbox 121 5347 1083 5420; baseline -0.009 -13"><span class='ocrx_word' id='word_1_214' title='bbox 121 5351 149 5420; x_wconf 69' lang='lat' dir='ltr'>*t</span> <span class='ocrx_word' id='word_1_215' title='bbox 171 5351 259 5410; x_wconf 80' lang='lat' dir='ltr'>Dana.</span> <span class='ocrx_word' id='word_1_216' title='bbox 271 5369 403 5408; x_wconf 80' lang='lat' dir='ltr'>moerore</span> <span class='ocrx_word' id='word_1_217' title='bbox 415 5355 477 5412; x_wconf 82' lang='lat' dir='ltr'>rnes&#39;.</span> <span class='ocrx_word' id='word_1_218' title='bbox 495 5351 556 5410; x_wconf 78' lang='lat' dir='ltr'>sod.</span> <span class='ocrx_word' id='word_1_219' title='bbox 566 5349 642 5406; x_wconf 81' lang='lat' dir='ltr'>Goth</span> <span class='ocrx_word' id='word_1_220' title='bbox 668 5347 725 5406; x_wconf 78' lang='lat'>188.</span> <span class='ocrx_word' id='word_1_221' title='bbox 739 5363 868 5401; x_wconf 78' lang='lat' dir='ltr'>maerore</span> <span class='ocrx_word' id='word_1_222' title='bbox 881 5362 954 5408; x_wconf 80' lang='lat' dir='ltr'>meo,</span> <span class='ocrx_word' id='word_1_223' title='bbox 972 5353 1083 5400; x_wconf 84' lang='lat' dir='ltr'>utrum-</span> 
     </span>
     <span class='ocr_line' id='line_1_43' title="bbox 154 5411 1081 5492; baseline -0.002 -20"><span class='ocrx_word' id='word_1_224' title='bbox 154 5439 208 5492; x_wconf 81' lang='lat' dir='ltr'>que</span> <span class='ocrx_word' id='word_1_225' title='bbox 227 5443 257 5476; x_wconf 77' lang='lat' dir='ltr'>es</span> <span class='ocrx_word' id='word_1_226' title='bbox 275 5421 385 5476; x_wconf 75' lang='lat' dir='ltr'>nendo.</span> <span class='ocrx_word' id='word_1_227' title='bbox 433 5419 534 5476; x_wconf 72' lang='lat' dir='ltr'>Erunt</span> <span class='ocrx_word' id='word_1_228' title='bbox 548 5419 729 5476; x_wconf 71' lang='lat' dir='ltr'>salveldensis</span> <span class='ocrx_word' id='word_1_229' title='bbox 749 5417 846 5470; x_wconf 80' lang='lat' dir='ltr'>canius</span> <span class='ocrx_word' id='word_1_230' title='bbox 866 5425 972 5469; x_wconf 81' lang='lat' dir='ltr'>moetus</span> <span class='ocrx_word' id='word_1_231' title='bbox 989 5411 1081 5471; x_wconf 74' lang='lat' dir='ltr'>istem</span> 
     </span>
    </p>
   </div>
   <div class='ocr_carea' id='block_1_22' title="bbox 151 5481 974 5562">
    <p class='ocr_par' dir='ltr' id='par_1_22' title="bbox 151 5481 974 5562">
     <span class='ocr_line' id='line_1_44' title="bbox 151 5481 974 5562; baseline -0.004 -20"><span class='ocrx_word' id='word_1_232' title='bbox 151 5487 247 5544; x_wconf 71' lang='lat' dir='ltr'>ultimo</span> <span class='ocrx_word' id='word_1_233' title='bbox 263 5488 364 5562; x_wconf 70' lang='lat' dir='ltr'>Aprilis</span> <span class='ocrx_word' id='word_1_234' title='bbox 377 5509 403 5546; x_wconf 80' lang='lat' dir='ltr'>s.</span> <span class='ocrx_word' id='word_1_235' title='bbox 419 5491 494 5548; x_wconf 67' lang='lat' dir='ltr'>tm.</span> <span class='ocrx_word' id='word_1_236' title='bbox 519 5489 563 5548; x_wconf 75' lang='lat' dir='ltr'>Gi.</span> <span class='ocrx_word' id='word_1_237' title='bbox 575 5489 684 5561; x_wconf 76' lang='lat' dir='ltr'>Scripta</span> <span class='ocrx_word' id='word_1_238' title='bbox 698 5483 776 5561; x_wconf 83' lang='lat' dir='ltr'>publ.</span> <span class='ocrx_word' id='word_1_239' title='bbox 793 5481 825 5540; x_wconf 83' lang='grc' dir='ltr'>Τ.</span> <span class='ocrx_word' id='word_1_240' title='bbox 840 5483 861 5542; x_wconf 94' lang='lat' dir='ltr'>l.</span> <span class='ocrx_word' id='word_1_241' title='bbox 878 5501 906 5554; x_wconf 85' lang='lat' dir='ltr'>p.</span> <span class='ocrx_word' id='word_1_242' title='bbox 914 5483 974 5539; x_wconf 80' lang='grc'><strong>109.</strong></span> 
     </span>
    </p>
   </div>
   <div class='ocr_carea' id='block_1_23' title="bbox 1148 309 2145 396">
    <p class='ocr_par' dir='ltr' id='par_1_23' title="bbox 1148 309 2145 396">
     <span class='ocr_line' id='line_1_45' title="bbox 1148 309 2145 396; baseline -0.005 -3"><span class='ocrx_word' id='word_1_243' title='bbox 1148 309 1259 396; x_wconf 69' lang='lat' dir='ltr'>aar.</span> <span class='ocrx_word' id='word_1_244' title='bbox 1287 311 1371 396; x_wconf 78' lang='lat' dir='ltr'>xit</span> <span class='ocrx_word' id='word_1_245' title='bbox 1426 309 1558 395; x_wconf 79' lang='lat'>1652.</span> <span class='ocrx_word' id='word_1_246' title='bbox 2046 315 2145 390; x_wconf 78' lang='lat' dir='ltr'>roos</span> 
     </span>
    </p>
   </div>
   <div class='ocr_carea' id='block_1_24' title="bbox 1109 475 2146 582">
    <p class='ocr_par' dir='ltr' id='par_1_24' title="bbox 1109 475 2146 582">
     <span class='ocr_line' id='line_1_46' title="bbox 1109 475 2146 582; baseline -0.001 -23"><span class='ocrx_word' id='word_1_247' title='bbox 1109 475 1114 515; x_wconf 74' lang='lat'><em>⁵</em></span> <span class='ocrx_word' id='word_1_248' title='bbox 1143 483 1282 561; x_wconf 79' lang='lat' dir='ltr'>Petro</span> <span class='ocrx_word' id='word_1_249' title='bbox 1311 484 1355 560; x_wconf 91' lang='lat' dir='ltr'><em>V</em></span> <span class='ocrx_word' id='word_1_250' title='bbox 1357 487 1373 558; x_wconf 88' lang='lat' dir='ltr'>i</span> <span class='ocrx_word' id='word_1_251' title='bbox 1380 486 1537 559; x_wconf 80' lang='lat' dir='ltr'>acenti</span> <span class='ocrx_word' id='word_1_252' title='bbox 1542 511 1580 574; x_wconf 92' lang='lat' dir='ltr'>o,</span> <span class='ocrx_word' id='word_1_253' title='bbox 1605 485 1833 582; x_wconf 74' lang='lat' dir='ltr'>gubernanti</span> <span class='ocrx_word' id='word_1_254' title='bbox 1853 482 2046 559; x_wconf 77' lang='lat' dir='ltr'>literarum</span> <span class='ocrx_word' id='word_1_255' title='bbox 2067 496 2146 558; x_wconf 89' lang='lat' dir='ltr'>stu·</span> 
     </span>
    </p>
   </div>
   <div class='ocr_carea' id='block_1_25' title="bbox 1354 583 1929 684">
    <p class='ocr_par' dir='ltr' id='par_1_25' title="bbox 1354 583 1929 684">
     <span class='ocr_line' id='line_1_47' title="bbox 1354 583 1929 684; baseline 0.014 -26"><span class='ocrx_word' id='word_1_256' title='bbox 1354 585 1424 659; x_wconf 74' lang='lat' dir='ltr'>atu</span> <span class='ocrx_word' id='word_1_257' title='bbox 1442 591 1482 660; x_wconf 83' lang='lat' dir='ltr'>in</span> <span class='ocrx_word' id='word_1_258' title='bbox 1501 587 1644 684; x_wconf 79' lang='lat' dir='ltr'>inclyta</span> <span class='ocrx_word' id='word_1_259' title='bbox 1664 588 1751 661; x_wconf 85' lang='lat' dir='ltr'>urbe</span> <span class='ocrx_word' id='word_1_260' title='bbox 1766 583 1929 666; x_wconf 84' lang='lat' dir='ltr'>Lubeca.</span> 
     </span>
    </p>
   </div>
   <div class='ocr_carea' id='block_1_26' title="bbox 1144 725 2146 816">
    <p class='ocr_par' dir='ltr' id='par_1_26' title="bbox 1144 725 2146 816">
     <span class='ocr_line' id='line_1_48' title="bbox 1144 725 2146 816; baseline 0 -4"><span class='ocrx_word' id='word_1_261' title='bbox 1144 725 1191 814; x_wconf 79' lang='lat' dir='ltr'>S.</span> <span class='ocrx_word' id='word_1_262' title='bbox 1216 735 1261 816; x_wconf 91' lang='lat' dir='ltr'>D.</span> <span class='ocrx_word' id='word_1_263' title='bbox 1311 737 1500 812; x_wconf 83' lang='lat' dir='ltr'>Carissimo</span> <span class='ocrx_word' id='word_1_264' title='bbox 1525 745 1646 816; x_wconf 84' lang='lat' dir='ltr'>frater.</span> <span class='ocrx_word' id='word_1_265' title='bbox 1699 739 1752 812; x_wconf 89' lang='lat' dir='ltr'>lta</span> <span class='ocrx_word' id='word_1_266' title='bbox 1776 743 1869 812; x_wconf 82' lang='lat' dir='ltr'>sensi</span> <span class='ocrx_word' id='word_1_267' title='bbox 1895 766 2017 812; x_wconf 84' lang='lat' dir='ltr'>verum</span> <span class='ocrx_word' id='word_1_268' title='bbox 2042 743 2146 814; x_wconf 92' lang='lat' dir='ltr'>dolo-</span> 
     </span>
    </p>
   </div>
   <div class='ocr_carea' id='block_1_27' title="bbox 100 839 2144 999">
    <p class='ocr_par' dir='ltr' id='par_1_27' title="bbox 100 839 2144 999">
     <span class='ocr_line' id='line_1_49' title="bbox 100 839 2144 999; baseline -0.022 -22"><span class='ocrx_word' id='word_1_269' title='bbox 100 921 254 999; x_wconf 91' lang='lat' dir='ltr'>poteram</span> <span class='ocrx_word' id='word_1_270' title='bbox 279 909 444 981; x_wconf 88' lang='lat' dir='ltr'>scribere.</span> <span class='ocrx_word' id='word_1_271' title='bbox 504 907 601 978; x_wconf 91' lang='lat' dir='ltr'>Tuas</span> <span class='ocrx_word' id='word_1_272' title='bbox 625 906 743 976; x_wconf 86' lang='lat' dir='ltr'>literas</span> <span class='ocrx_word' id='word_1_273' title='bbox 765 917 938 998; x_wconf 86' lang='lat' dir='ltr'>exspecto.</span> <span class='ocrx_word' id='word_1_274' title='bbox 995 880 1113 970; x_wconf 71' lang='lat' dir='ltr'>Bene?</span> <span class='ocrx_word' id='word_1_275' title='bbox 1145 845 1555 958; x_wconf 63' lang='lat' dir='ltr'>rf1nacpaternumin</span> <span class='ocrx_word' id='word_1_276' title='bbox 1576 857 1688 914; x_wconf 65' lang='lat' dir='ltr'>&#39;&#39;ml“</span> <span class='ocrx_word' id='word_1_277' title='bbox 1706 839 1929 937; x_wconf 61' lang='lat' dir='ltr'>Hl⁶r⁰nyml</span> <span class='ocrx_word' id='word_1_278' title='bbox 1943 845 2075 930; x_wconf 65' lang='lat' dir='ltr'>¹¹⁰⁵lrl·</span> <span class='ocrx_word' id='word_1_279' title='bbox 2104 868 2144 914; x_wconf 72' lang='lat'>³⁰</span> 
     </span>
    </p>
   </div>
   <div class='ocr_carea' id='block_1_28' title="bbox 1140 945 2152 2132">
    <p class='ocr_par' dir='ltr' id='par_1_28' title="bbox 1140 945 2152 2132">
     <span class='ocr_line' id='line_1_50' title="bbox 1144 945 2143 1038; baseline 0.006 -28"><span class='ocrx_word' id='word_1_280' title='bbox 1144 967 1173 1010; x_wconf 90' lang='lat' dir='ltr'>s1</span> <span class='ocrx_word' id='word_1_281' title='bbox 1190 968 1231 1014; x_wconf 83' lang='lat' dir='ltr'>ex</span> <span class='ocrx_word' id='word_1_282' title='bbox 1246 968 1302 1014; x_wconf 89' lang='lat' dir='ltr'>me</span> <span class='ocrx_word' id='word_1_283' title='bbox 1319 960 1421 1016; x_wconf 90' lang='lat' dir='ltr'>uatus</span> <span class='ocrx_word' id='word_1_284' title='bbox 1437 959 1536 1020; x_wconf 88' lang='lat' dir='ltr'>esset.</span> <span class='ocrx_word' id='word_1_285' title='bbox 1588 945 1657 1018; x_wconf 88' lang='lat' dir='ltr'>Sed</span> <span class='ocrx_word' id='word_1_286' title='bbox 1677 947 1992 1038; x_wconf 89' lang='lat' dir='ltr'>obtemperandum</span> <span class='ocrx_word' id='word_1_287' title='bbox 2011 957 2062 1016; x_wconf 89' lang='lat' dir='ltr'>est</span> <span class='ocrx_word' id='word_1_288' title='bbox 2079 971 2143 1016; x_wconf 89' lang='lat' dir='ltr'>vo-</span> 
     </span>
     <span class='ocr_line' id='line_1_51' title="bbox 1143 1045 2143 1140; baseline 0.004 -28"><span class='ocrx_word' id='word_1_289' title='bbox 1143 1045 1273 1115; x_wconf 90' lang='lat' dir='ltr'>luntati</span> <span class='ocrx_word' id='word_1_290' title='bbox 1295 1047 1457 1128; x_wconf 87' lang='lat' dir='ltr'>divinae,</span> <span class='ocrx_word' id='word_1_291' title='bbox 1492 1072 1556 1118; x_wconf 87' lang='lat' dir='ltr'>nec</span> <span class='ocrx_word' id='word_1_292' title='bbox 1580 1049 1725 1132; x_wconf 88' lang='lat' dir='ltr'>dubito,</span> <span class='ocrx_word' id='word_1_293' title='bbox 1754 1047 1843 1140; x_wconf 89' lang='lat' dir='ltr'>quin</span> <span class='ocrx_word' id='word_1_294' title='bbox 1867 1047 1938 1116; x_wconf 88' lang='lat' dir='ltr'>iam</span> <span class='ocrx_word' id='word_1_295' title='bbox 1962 1047 2061 1116; x_wconf 91' lang='lat' dir='ltr'>sitin</span> <span class='ocrx_word' id='word_1_296' title='bbox 2081 1047 2143 1116; x_wconf 89' lang='lat' dir='ltr'>illa</span> 
     </span>
     <span class='ocr_line' id='line_1_52' title="bbox 1143 1142 2143 1240; baseline 0.005 -26"><span class='ocrx_word' id='word_1_297' title='bbox 1143 1143 1334 1216; x_wconf 85' lang='lat' dir='ltr'>Academia</span> <span class='ocrx_word' id='word_1_298' title='bbox 1369 1147 1528 1232; x_wconf 89' lang='lat' dir='ltr'>coelesti,</span> <span class='ocrx_word' id='word_1_299' title='bbox 1567 1149 1631 1220; x_wconf 89' lang='lat' dir='ltr'>nbi</span> <span class='ocrx_word' id='word_1_300' title='bbox 1663 1149 1778 1220; x_wconf 82' lang='lat' dir='ltr'>fontes</span> <span class='ocrx_word' id='word_1_301' title='bbox 1803 1147 1995 1240; x_wconf 89' lang='lat' dir='ltr'>sapientiae</span> <span class='ocrx_word' id='word_1_302' title='bbox 2022 1142 2143 1219; x_wconf 86' lang='lat' dir='ltr'>haurit</span> 
     </span>
     <span class='ocr_line' id='line_1_53' title="bbox 1143 1247 2141 1338; baseline 0.006 -26"><span class='ocrx_word' id='word_1_303' title='bbox 1143 1269 1215 1314; x_wconf 91' lang='lat' dir='ltr'>nou</span> <span class='ocrx_word' id='word_1_304' title='bbox 1243 1249 1376 1319; x_wconf 89' lang='lat' dir='ltr'>dilutos</span> <span class='ocrx_word' id='word_1_305' title='bbox 1402 1263 1464 1319; x_wconf 86' lang='lat' dir='ltr'>aut</span> <span class='ocrx_word' id='word_1_306' title='bbox 1489 1249 1632 1338; x_wconf 79' lang='lat' dir='ltr'>exiguos</span> <span class='ocrx_word' id='word_1_307' title='bbox 1658 1249 1804 1324; x_wconf 90' lang='lat' dir='ltr'>rivulos.</span> <span class='ocrx_word' id='word_1_308' title='bbox 1856 1247 2006 1338; x_wconf 84' lang='lat' dir='ltr'>Quoties</span> <span class='ocrx_word' id='word_1_309' title='bbox 2026 1249 2141 1338; x_wconf 84' lang='lat' dir='ltr'>cogito</span> 
     </span>
     <span class='ocr_line' id='line_1_54' title="bbox 1142 1349 2140 1440; baseline 0.009 -24"><span class='ocrx_word' id='word_1_310' title='bbox 1142 1349 1185 1416; x_wconf 90' lang='lat' dir='ltr'>de</span> <span class='ocrx_word' id='word_1_311' title='bbox 1207 1363 1327 1419; x_wconf 85' lang='lat' dir='ltr'>nostra</span> <span class='ocrx_word' id='word_1_312' title='bbox 1351 1349 1519 1440; x_wconf 85' lang='lat' dir='ltr'>caligine,</span> <span class='ocrx_word' id='word_1_313' title='bbox 1550 1351 1689 1422; x_wconf 86' lang='lat' dir='ltr'>evolare</span> <span class='ocrx_word' id='word_1_314' title='bbox 1712 1350 1751 1420; x_wconf 89' lang='lat' dir='ltr'>in</span> <span class='ocrx_word' id='word_1_315' title='bbox 1773 1349 1888 1420; x_wconf 89' lang='lat' dir='ltr'>lucem</span> <span class='ocrx_word' id='word_1_316' title='bbox 1907 1349 2006 1418; x_wconf 91' lang='lat' dir='ltr'>illam</span> <span class='ocrx_word' id='word_1_317' title='bbox 2023 1349 2140 1440; x_wconf 89' lang='lat' dir='ltr'>cupio.</span> 
     </span>
     <span class='ocr_line' id='line_1_55' title="bbox 1142 1445 2139 1543; baseline 0.003 -26"><span class='ocrx_word' id='word_1_318' title='bbox 1142 1445 1195 1518; x_wconf 90' lang='lat' dir='ltr'>Te</span> <span class='ocrx_word' id='word_1_319' title='bbox 1218 1473 1360 1543; x_wconf 82' lang='lat' dir='ltr'>qnoque</span> <span class='ocrx_word' id='word_1_320' title='bbox 1383 1452 1454 1522; x_wconf 88' lang='lat' dir='ltr'>scio</span> <span class='ocrx_word' id='word_1_321' title='bbox 1475 1474 1603 1541; x_wconf 82' lang='lat' dir='ltr'>magno</span> <span class='ocrx_word' id='word_1_322' title='bbox 1625 1453 1748 1520; x_wconf 90' lang='lat' dir='ltr'>dolore</span> <span class='ocrx_word' id='word_1_323' title='bbox 1771 1449 1884 1524; x_wconf 87' lang='lat' dir='ltr'>adfici.</span> <span class='ocrx_word' id='word_1_324' title='bbox 1935 1449 2005 1520; x_wconf 87' lang='lat' dir='ltr'>Sed</span> <span class='ocrx_word' id='word_1_325' title='bbox 2020 1463 2139 1521; x_wconf 89' lang='lat' dir='ltr'>tenea-</span> 
     </span>
     <span class='ocr_line' id='line_1_56' title="bbox 1142 1548 2139 1643; baseline 0.005 -27"><span class='ocrx_word' id='word_1_326' title='bbox 1142 1573 1220 1618; x_wconf 89' lang='lat' dir='ltr'>mus</span> <span class='ocrx_word' id='word_1_327' title='bbox 1237 1551 1496 1622; x_wconf 85' lang='lat' dir='ltr'>consolationes</span> <span class='ocrx_word' id='word_1_328' title='bbox 1511 1553 1684 1624; x_wconf 90' lang='lat' dir='ltr'>diviuitus</span> <span class='ocrx_word' id='word_1_329' title='bbox 1700 1553 1856 1625; x_wconf 86' lang='lat' dir='ltr'>traditas.</span> <span class='ocrx_word' id='word_1_330' title='bbox 1907 1548 2046 1643; x_wconf 91' lang='lat' dir='ltr'>Corpus</span> <span class='ocrx_word' id='word_1_331' title='bbox 2060 1552 2139 1622; x_wconf 87' lang='lat' dir='ltr'>tabe</span> 
     </span>
     <span class='ocr_line' id='line_1_57' title="bbox 1140 1651 2139 1740; baseline 0.004 -22"><span class='ocrx_word' id='word_1_332' title='bbox 1140 1663 1360 1722; x_wconf 87' lang='lat' dir='ltr'>attenuatum</span> <span class='ocrx_word' id='word_1_333' title='bbox 1390 1669 1460 1740; x_wconf 90' lang='lat' dir='ltr'>est,</span> <span class='ocrx_word' id='word_1_334' title='bbox 1498 1655 1594 1726; x_wconf 90' lang='lat' dir='ltr'>uude</span> <span class='ocrx_word' id='word_1_335' title='bbox 1619 1653 1858 1724; x_wconf 86' lang='lat' dir='ltr'>coniecturam</span> <span class='ocrx_word' id='word_1_336' title='bbox 1881 1651 1992 1733; x_wconf 82' lang='lat' dir='ltr'>facio,</span> <span class='ocrx_word' id='word_1_337' title='bbox 2032 1653 2139 1724; x_wconf 87' lang='lat' dir='ltr'>luisse</span> 
     </span>
     <span class='ocr_line' id='line_1_58' title="bbox 1142 1753 2152 1846; baseline 0.005 -27"><span class='ocrx_word' id='word_1_338' title='bbox 1142 1764 1304 1822; x_wconf 84' lang='lat' dir='ltr'>naturam</span> <span class='ocrx_word' id='word_1_339' title='bbox 1339 1753 1562 1828; x_wconf 88' lang='lat' dir='ltr'>imbecillem.</span> <span class='ocrx_word' id='word_1_340' title='bbox 1628 1753 1676 1826; x_wconf 87' lang='lat' dir='ltr'>Et</span> <span class='ocrx_word' id='word_1_341' title='bbox 1706 1768 1843 1844; x_wconf 86' lang='lat' dir='ltr'>tempus</span> <span class='ocrx_word' id='word_1_342' title='bbox 1872 1753 2000 1824; x_wconf 87' lang='lat' dir='ltr'>natalis</span> <span class='ocrx_word' id='word_1_343' title='bbox 2026 1753 2152 1846; x_wconf 83' lang='lat' dir='ltr'>ipsius</span> 
     </span>
     <span class='ocr_line' id='line_1_59' title="bbox 1141 1853 2139 1948; baseline 0.002 -26"><span class='ocrx_word' id='word_1_344' title='bbox 1141 1853 1230 1922; x_wconf 87' lang='lat' dir='ltr'>scire</span> <span class='ocrx_word' id='word_1_345' title='bbox 1254 1853 1369 1945; x_wconf 90' lang='lat' dir='ltr'>cupio.</span> <span class='ocrx_word' id='word_1_346' title='bbox 1435 1853 1627 1926; x_wconf 89' lang='lat' dir='ltr'>Medicatio</span> <span class='ocrx_word' id='word_1_347' title='bbox 1649 1856 1761 1926; x_wconf 83' lang='lat' dir='ltr'>fidelis</span> <span class='ocrx_word' id='word_1_348' title='bbox 1783 1853 1868 1940; x_wconf 88' lang='lat' dir='ltr'>suit,</span> <span class='ocrx_word' id='word_1_349' title='bbox 1902 1857 1961 1924; x_wconf 90' lang='lat' dir='ltr'>sed</span> <span class='ocrx_word' id='word_1_350' title='bbox 1984 1855 2139 1948; x_wconf 87' lang='lat' dir='ltr'>optarim</span> 
     </span>
     <span class='ocr_line' id='line_1_60' title="bbox 1141 1953 2137 2048; baseline 0.006 -28"><span class='ocrx_word' id='word_1_351' title='bbox 1141 1978 1197 2022; x_wconf 88' lang='lat' dir='ltr'>me</span> <span class='ocrx_word' id='word_1_352' title='bbox 1231 1955 1335 2026; x_wconf 90' lang='lat' dir='ltr'>citius</span> <span class='ocrx_word' id='word_1_353' title='bbox 1368 1957 1509 2028; x_wconf 84' lang='lat' dir='ltr'>scivisse</span> <span class='ocrx_word' id='word_1_354' title='bbox 1545 1957 1659 2048; x_wconf 88' lang='lat' dir='ltr'>ipsum</span> <span class='ocrx_word' id='word_1_355' title='bbox 1695 1969 1885 2047; x_wconf 82' lang='lat' dir='ltr'>aegrotare.</span> <span class='ocrx_word' id='word_1_356' title='bbox 1950 1953 2023 2026; x_wconf 86' lang='lat' dir='ltr'>Tui</span> <span class='ocrx_word' id='word_1_357' title='bbox 2056 1955 2137 2026; x_wconf 85' lang='lat' dir='ltr'>lecit</span> 
     </span>
     <span class='ocr_line' id='line_1_61' title="bbox 1140 2058 1803 2132; baseline 0.011 -8"><span class='ocrx_word' id='word_1_358' title='bbox 1140 2069 1298 2126; x_wconf 89' lang='lat' dir='ltr'>amanter</span> <span class='ocrx_word' id='word_1_359' title='bbox 1313 2058 1528 2128; x_wconf 89' lang='lat' dir='ltr'>mentionem</span> <span class='ocrx_word' id='word_1_360' title='bbox 1545 2071 1626 2128; x_wconf 88' lang='lat' dir='ltr'>aute</span> <span class='ocrx_word' id='word_1_361' title='bbox 1641 2073 1803 2132; x_wconf 87' lang='lat' dir='ltr'>mortem.</span> 
     </span>
    </p>
   </div>
   <div class='ocr_carea' id='block_1_29' title="bbox 1137 2169 2137 3784">
    <p class='ocr_par' dir='ltr' id='par_1_29' title="bbox 1137 2169 2137 3686">
     <span class='ocr_line' id='line_1_62' title="bbox 1241 2169 2137 2266; baseline 0.004 -24"><span class='ocrx_word' id='word_1_362' title='bbox 1241 2169 1426 2244; x_wconf 87' lang='lat' dir='ltr'>Balthicus</span> <span class='ocrx_word' id='word_1_363' title='bbox 1449 2173 1600 2265; x_wconf 80' lang='lat' dir='ltr'>Gorgias</span> <span class='ocrx_word' id='word_1_364' title='bbox 1626 2177 1696 2244; x_wconf 88' lang='lat' dir='ltr'>iam</span> <span class='ocrx_word' id='word_1_365' title='bbox 1722 2177 1796 2246; x_wconf 92' lang='lat' dir='ltr'>edit</span> <span class='ocrx_word' id='word_1_366' title='bbox 1821 2175 1946 2266; x_wconf 78' lang='lat' dir='ltr'>iugens</span> <span class='ocrx_word' id='word_1_367' title='bbox 1969 2176 2137 2246; x_wconf 83' lang='lat' dir='ltr'>volumen</span> 
     </span>
     <span class='ocr_line' id='line_1_63' title="bbox 1140 2274 2137 2370; baseline 0.002 -26"><span class='ocrx_word' id='word_1_368' title='bbox 1140 2289 1262 2346; x_wconf 84' lang='lat' dir='ltr'>contra</span> <span class='ocrx_word' id='word_1_369' title='bbox 1285 2299 1351 2346; x_wconf 90' lang='lat' dir='ltr'>me.</span> <span class='ocrx_word' id='word_1_370' title='bbox 1409 2274 1491 2344; x_wconf 82' lang='lat' dir='ltr'>Vidi</span> <span class='ocrx_word' id='word_1_371' title='bbox 1515 2278 1659 2368; x_wconf 84' lang='lat' dir='ltr'>paginas</span> <span class='ocrx_word' id='word_1_372' title='bbox 1675 2278 1812 2370; x_wconf 88' lang='lat' dir='ltr'>aliquot</span> <span class='ocrx_word' id='word_1_373' title='bbox 1827 2277 1949 2368; x_wconf 85' lang='lat' dir='ltr'>plenas</span> <span class='ocrx_word' id='word_1_374' title='bbox 1964 2277 2137 2348; x_wconf 90' lang='lat' dir='ltr'>atrocium</span> 
     </span>
     <span class='ocr_line' id='line_1_64' title="bbox 1140 2375 2137 2468; baseline 0.002 -22"><span class='ocrx_word' id='word_1_375' title='bbox 1140 2376 1399 2462; x_wconf 89' lang='lat' dir='ltr'>conviciorum;</span> <span class='ocrx_word' id='word_1_376' title='bbox 1433 2379 1494 2446; x_wconf 85' lang='lat' dir='ltr'>sed</span> <span class='ocrx_word' id='word_1_377' title='bbox 1514 2379 1615 2448; x_wconf 84' lang='lat' dir='ltr'>brevi</span> <span class='ocrx_word' id='word_1_378' title='bbox 1637 2392 1744 2448; x_wconf 83' lang='lat' dir='ltr'>totam</span> <span class='ocrx_word' id='word_1_379' title='bbox 1768 2375 1974 2468; x_wconf 79' lang='lat' dir='ltr'>Gorgonem</span> <span class='ocrx_word' id='word_1_380' title='bbox 1996 2379 2137 2458; x_wconf 88' lang='lat' dir='ltr'>videbo,</span> 
     </span>
     <span class='ocr_line' id='line_1_65' title="bbox 1140 2474 2137 2570; baseline 0.002 -24"><span class='ocrx_word' id='word_1_381' title='bbox 1140 2479 1308 2548; x_wconf 83' lang='lat' dir='ltr'>adversus</span> <span class='ocrx_word' id='word_1_382' title='bbox 1322 2501 1428 2570; x_wconf 89' lang='lat' dir='ltr'>quam</span> <span class='ocrx_word' id='word_1_383' title='bbox 1444 2502 1500 2547; x_wconf 90' lang='lat' dir='ltr'>me</span> <span class='ocrx_word' id='word_1_384' title='bbox 1515 2492 1655 2550; x_wconf 90' lang='lat' dir='ltr'>tueatur</span> <span class='ocrx_word' id='word_1_385' title='bbox 1670 2503 1744 2548; x_wconf 92' lang='lat' dir='ltr'>uon</span> <span class='ocrx_word' id='word_1_386' title='bbox 1760 2474 1850 2550; x_wconf 92' lang='lat' dir='ltr'>Orci</span> <span class='ocrx_word' id='word_1_387' title='bbox 1863 2479 1971 2568; x_wconf 79' lang='lat' dir='ltr'>galea,</span> <span class='ocrx_word' id='word_1_388' title='bbox 1995 2493 2035 2550; x_wconf 86' lang='lat' dir='ltr'>ut</span> <span class='ocrx_word' id='word_1_389' title='bbox 2051 2477 2137 2548; x_wconf 87' lang='lat' dir='ltr'>Per-</span> 
     </span>
     <span class='ocr_line' id='line_1_66' title="bbox 1140 2575 2136 2675; baseline 0.004 -27"><span class='ocrx_word' id='word_1_390' title='bbox 1140 2601 1258 2662; x_wconf 88' lang='lat' dir='ltr'>seum,</span> <span class='ocrx_word' id='word_1_391' title='bbox 1284 2581 1366 2664; x_wconf 91' lang='lat' dir='ltr'>sed,</span> <span class='ocrx_word' id='word_1_392' title='bbox 1393 2591 1433 2648; x_wconf 89' lang='lat' dir='ltr'>ut</span> <span class='ocrx_word' id='word_1_393' title='bbox 1447 2579 1564 2672; x_wconf 84' lang='lat' dir='ltr'>iuquit</span> <span class='ocrx_word' id='word_1_394' title='bbox 1581 2577 1725 2666; x_wconf 88' lang='lat' dir='ltr'>Paulus,</span> <span class='ocrx_word' id='word_1_395' title='bbox 1747 2575 2053 2675; x_wconf 74' lang='grc' dir='ltr'><strong><em>ἡπερικεφαλαία</em></strong></span> <span class='ocrx_word' id='word_1_396' title='bbox 2067 2583 2136 2652; x_wconf 71' lang='lat' dir='ltr'>roe*</span> 
     </span>
     <span class='ocr_line' id='line_1_67' title="bbox 1140 2673 2137 2776; baseline -0.002 -24"><span class='ocrx_word' id='word_1_397' title='bbox 1140 2673 1324 2774; x_wconf 74' lang='grc' dir='ltr'><strong><em>σωτηρίου</em></strong></span> <span class='ocrx_word' id='word_1_398' title='bbox 1343 2685 1511 2776; x_wconf 73' lang='grc' dir='ltr'>χριστοῦ.</span> <span class='ocrx_word' id='word_1_399' title='bbox 1562 2679 1670 2754; x_wconf 92' lang='lat' dir='ltr'>Mitto</span> <span class='ocrx_word' id='word_1_400' title='bbox 1694 2682 1761 2753; x_wconf 89' lang='lat' dir='ltr'>tibi</span> <span class='ocrx_word' id='word_1_401' title='bbox 1784 2681 1996 2764; x_wconf 85' lang='lat' dir='ltr'>Siracideru,</span> <span class='ocrx_word' id='word_1_402' title='bbox 2032 2681 2137 2750; x_wconf 90' lang='lat' dir='ltr'>libel-</span> 
     </span>
     <span class='ocr_line' id='line_1_68' title="bbox 1140 2774 2136 2866; baseline 0.002 -16"><span class='ocrx_word' id='word_1_403' title='bbox 1140 2781 1214 2860; x_wconf 86' lang='lat' dir='ltr'>lum</span> <span class='ocrx_word' id='word_1_404' title='bbox 1231 2806 1250 2852; x_wconf 89' lang='lat' dir='ltr'>a</span> <span class='ocrx_word' id='word_1_405' title='bbox 1267 2774 1486 2852; x_wconf 85' lang='lat' dir='ltr'>Camerario</span> <span class='ocrx_word' id='word_1_406' title='bbox 1500 2783 1645 2866; x_wconf 88' lang='lat' dir='ltr'>editum,</span> <span class='ocrx_word' id='word_1_407' title='bbox 1669 2783 1875 2854; x_wconf 85' lang='lat' dir='ltr'>sinendum</span> <span class='ocrx_word' id='word_1_408' title='bbox 1887 2781 2019 2854; x_wconf 86' lang='lat' dir='ltr'>vidisti.</span> <span class='ocrx_word' id='word_1_409' title='bbox 2053 2780 2136 2852; x_wconf 89' lang='lat' dir='ltr'>Scio</span> 
     </span>
     <span class='ocr_line' id='line_1_69' title="bbox 1140 2878 2137 2970; baseline 0 -18"><span class='ocrx_word' id='word_1_410' title='bbox 1140 2884 1337 2954; x_wconf 78' lang='lat' dir='ltr'>iucundum</span> <span class='ocrx_word' id='word_1_411' title='bbox 1360 2907 1489 2954; x_wconf 90' lang='lat' dir='ltr'>munus</span> <span class='ocrx_word' id='word_1_412' title='bbox 1503 2884 1591 2958; x_wconf 87' lang='lat' dir='ltr'>lore.</span> <span class='ocrx_word' id='word_1_413' title='bbox 1640 2881 1834 2970; x_wconf 80' lang='lat' dir='ltr'>Existimo,</span> <span class='ocrx_word' id='word_1_414' title='bbox 1855 2897 1891 2956; x_wconf 87' lang='lat' dir='ltr'>te</span> <span class='ocrx_word' id='word_1_415' title='bbox 1907 2895 1943 2954; x_wconf 88' lang='lat' dir='ltr'>et</span> <span class='ocrx_word' id='word_1_416' title='bbox 1962 2879 2006 2954; x_wconf 85' lang='lat' dir='ltr'><em>V</em></span> <span class='ocrx_word' id='word_1_417' title='bbox 2000 2878 2137 2952; x_wconf 87' lang='lat' dir='ltr'>alenti-</span> 
     </span>
     <span class='ocr_line' id='line_1_70' title="bbox 1139 2983 2136 3075; baseline 0.002 -21"><span class='ocrx_word' id='word_1_418' title='bbox 1139 3008 1227 3054; x_wconf 90' lang='lat' dir='ltr'>num</span> <span class='ocrx_word' id='word_1_419' title='bbox 1249 2985 1386 3056; x_wconf 84' lang='lat' dir='ltr'>tabulas</span> <span class='ocrx_word' id='word_1_420' title='bbox 1404 2983 1622 3056; x_wconf 87' lang='lat' dir='ltr'>Palaestinae</span> <span class='ocrx_word' id='word_1_421' title='bbox 1644 3007 1665 3056; x_wconf 90' lang='lat' dir='ltr'>a</span> <span class='ocrx_word' id='word_1_422' title='bbox 1689 2986 1794 3054; x_wconf 76' lang='lat' dir='ltr'>uulsis</span> <span class='ocrx_word' id='word_1_423' title='bbox 1812 2985 1934 3056; x_wconf 88' lang='lat' dir='ltr'>missas</span> <span class='ocrx_word' id='word_1_424' title='bbox 1952 2983 2136 3075; x_wconf 86' lang='lat' dir='ltr'>accepisse.</span> 
     </span>
     <span class='ocr_line' id='line_1_71' title="bbox 1139 3079 2136 3172; baseline -0.004 -14"><span class='ocrx_word' id='word_1_425' title='bbox 1139 3083 1358 3158; x_wconf 89' lang='lat' dir='ltr'>Commendo</span> <span class='ocrx_word' id='word_1_426' title='bbox 1391 3086 1457 3156; x_wconf 91' lang='lat' dir='ltr'>tibi</span> <span class='ocrx_word' id='word_1_427' title='bbox 1482 3084 1683 3158; x_wconf 86' lang='lat' dir='ltr'>Henricum</span> <span class='ocrx_word' id='word_1_428' title='bbox 1709 3079 1983 3172; x_wconf 86' lang='lat' dir='ltr'>Tbassonium,</span> <span class='ocrx_word' id='word_1_429' title='bbox 2023 3081 2136 3155; x_wconf 87' lang='lat' dir='ltr'>houe-</span> 
     </span>
     <span class='ocr_line' id='line_1_72' title="bbox 1139 3185 2137 3282; baseline 0 -26"><span class='ocrx_word' id='word_1_430' title='bbox 1139 3201 1233 3258; x_wconf 86' lang='lat' dir='ltr'>stum</span> <span class='ocrx_word' id='word_1_431' title='bbox 1251 3187 1369 3258; x_wconf 79' lang='lat' dir='ltr'>virum</span> <span class='ocrx_word' id='word_1_432' title='bbox 1384 3201 1419 3258; x_wconf 90' lang='lat' dir='ltr'>et</span> <span class='ocrx_word' id='word_1_433' title='bbox 1436 3188 1626 3274; x_wconf 86' lang='lat' dir='ltr'>eruditum,</span> <span class='ocrx_word' id='word_1_434' title='bbox 1642 3212 1747 3282; x_wconf 86' lang='lat' dir='ltr'>quern</span> <span class='ocrx_word' id='word_1_435' title='bbox 1763 3211 1865 3282; x_wconf 88' lang='lat' dir='ltr'>spero</span> <span class='ocrx_word' id='word_1_436' title='bbox 1879 3189 1960 3258; x_wconf 92' lang='lat' dir='ltr'>usui</span> <span class='ocrx_word' id='word_1_437' title='bbox 1976 3189 2051 3258; x_wconf 85' lang='lat' dir='ltr'>iore</span> <span class='ocrx_word' id='word_1_438' title='bbox 2066 3185 2137 3258; x_wconf 83' lang='lat' dir='ltr'>Eo-</span> 
     </span>
     <span class='ocr_line' id='line_1_73' title="bbox 1139 3287 2137 3380; baseline 0.002 -24"><span class='ocrx_word' id='word_1_439' title='bbox 1139 3289 1282 3374; x_wconf 89' lang='lat' dir='ltr'>clesiae,</span> <span class='ocrx_word' id='word_1_440' title='bbox 1316 3301 1351 3358; x_wconf 90' lang='lat' dir='ltr'>et</span> <span class='ocrx_word' id='word_1_441' title='bbox 1379 3289 1619 3360; x_wconf 86' lang='lat' dir='ltr'>assiduitatem</span> <span class='ocrx_word' id='word_1_442' title='bbox 1648 3290 1718 3358; x_wconf 91' lang='lat' dir='ltr'>iam</span> <span class='ocrx_word' id='word_1_443' title='bbox 1746 3289 1784 3358; x_wconf 91' lang='lat' dir='ltr'>iu</span> <span class='ocrx_word' id='word_1_444' title='bbox 1810 3290 1936 3360; x_wconf 91' lang='lat' dir='ltr'>morbo</span> <span class='ocrx_word' id='word_1_445' title='bbox 1963 3287 2137 3380; x_wconf 84' lang='lat' dir='ltr'>praestitit</span> 
     </span>
     <span class='ocr_line' id='line_1_74' title="bbox 1138 3387 2136 3484; baseline -0.002 -24"><span class='ocrx_word' id='word_1_446' title='bbox 1138 3389 1369 3483; x_wconf 86' lang='lat' dir='ltr'>Hieronymo.</span> <span class='ocrx_word' id='word_1_447' title='bbox 1421 3387 1575 3460; x_wconf 85' lang='lat' dir='ltr'>llortare</span> <span class='ocrx_word' id='word_1_448' title='bbox 1596 3391 1690 3460; x_wconf 88' lang='lat' dir='ltr'>cives</span> <span class='ocrx_word' id='word_1_449' title='bbox 1711 3390 1868 3484; x_wconf 90' lang='lat' dir='ltr'>aliquos,</span> <span class='ocrx_word' id='word_1_450' title='bbox 1892 3404 1933 3460; x_wconf 92' lang='lat' dir='ltr'>ut</span> <span class='ocrx_word' id='word_1_451' title='bbox 1950 3390 2017 3480; x_wconf 87' lang='lat' dir='ltr'>ipsi</span> <span class='ocrx_word' id='word_1_452' title='bbox 2031 3413 2136 3480; x_wconf 88' lang='lat' dir='ltr'>opem</span> 
     </span>
     <span class='ocr_line' id='line_1_75' title="bbox 1137 3489 2137 3576; baseline -0.002 -16"><span class='ocrx_word' id='word_1_453' title='bbox 1137 3493 1253 3560; x_wconf 88' lang='lat' dir='ltr'>serant</span> <span class='ocrx_word' id='word_1_454' title='bbox 1277 3513 1339 3560; x_wconf 90' lang='lat' dir='ltr'>sua</span> <span class='ocrx_word' id='word_1_455' title='bbox 1365 3491 1586 3564; x_wconf 86' lang='lat' dir='ltr'>liberalitate.</span> <span class='ocrx_word' id='word_1_456' title='bbox 1637 3489 1734 3561; x_wconf 90' lang='lat' dir='ltr'>Bene</span> <span class='ocrx_word' id='word_1_457' title='bbox 1756 3493 1852 3575; x_wconf 82' lang='lat' dir='ltr'>vale,</span> <span class='ocrx_word' id='word_1_458' title='bbox 1883 3489 2137 3576; x_wconf 77' lang='lat' dir='ltr'>die1o.Maii,</span> 
     </span>
     <span class='ocr_line' id='line_1_76' title="bbox 1138 3587 1905 3686; baseline 0.003 -23"><span class='ocrx_word' id='word_1_459' title='bbox 1138 3607 1173 3665; x_wconf 89' lang='lat' dir='ltr'>et</span> <span class='ocrx_word' id='word_1_460' title='bbox 1189 3589 1353 3666; x_wconf 87' lang='lat' dir='ltr'>rescribe.</span> <span class='ocrx_word' id='word_1_461' title='bbox 1404 3591 1563 3664; x_wconf 89' lang='lat' dir='ltr'>Salutem</span> <span class='ocrx_word' id='word_1_462' title='bbox 1582 3606 1667 3686; x_wconf 91' lang='lat' dir='ltr'>opto</span> <span class='ocrx_word' id='word_1_463' title='bbox 1691 3587 1905 3666; x_wconf 84' lang='lat' dir='ltr'>Valentino.</span> 
     </span>
    </p>

    <p class='ocr_par' dir='ltr' id='par_1_30' title="bbox 1883 3687 2084 3784">
     <span class='ocr_line' id='line_1_77' title="bbox 1883 3687 2084 3784; baseline 0 -20"><span class='ocrx_word' id='word_1_464' title='bbox 1883 3687 2084 3784; x_wconf 84' lang='lat' dir='ltr'>Philippus.</span> 
     </span>
    </p>
   </div>
   <div class='ocr_carea' id='block_1_30' title="bbox 1186 3821 2136 4210">
    <p class='ocr_par' dir='ltr' id='par_1_31' title="bbox 1186 3821 2136 4210">
     <span class='ocr_line' id='line_1_78' title="bbox 1186 3821 2136 3920; baseline -0.007 -21"><span class='ocrx_word' id='word_1_465' title='bbox 1186 3823 1241 3899; x_wconf 91' lang='lat' dir='ltr'>De</span> <span class='ocrx_word' id='word_1_466' title='bbox 1266 3850 1345 3896; x_wconf 89' lang='lat' dir='ltr'>aere</span> <span class='ocrx_word' id='word_1_467' title='bbox 1365 3825 1503 3910; x_wconf 90' lang='lat' dir='ltr'>alieno,</span> <span class='ocrx_word' id='word_1_468' title='bbox 1546 3825 1643 3919; x_wconf 87' lang='lat' dir='ltr'>qnod</span> <span class='ocrx_word' id='word_1_469' title='bbox 1667 3821 1878 3920; x_wconf 79' lang='lat' dir='ltr'>Hieronymi</span> <span class='ocrx_word' id='word_1_470' title='bbox 1902 3825 2047 3896; x_wconf 86' lang='lat' dir='ltr'>numine</span> <span class='ocrx_word' id='word_1_471' title='bbox 2072 3823 2136 3892; x_wconf 88' lang='lat' dir='ltr'>de-</span> 
     </span>
     <span class='ocr_line' id='line_1_79' title="bbox 1240 3921 2135 4022; baseline -0.002 -26"><span class='ocrx_word' id='word_1_472' title='bbox 1240 3929 1362 4014; x_wconf 90' lang='lat' dir='ltr'>betur,</span> <span class='ocrx_word' id='word_1_473' title='bbox 1387 3949 1536 4022; x_wconf 59' lang='lat' dir='ltr'>wrcen,</span> <span class='ocrx_word' id='word_1_474' title='bbox 1561 3939 1602 3996; x_wconf 92' lang='lat' dir='ltr'>ut</span> <span class='ocrx_word' id='word_1_475' title='bbox 1622 3940 1791 4018; x_wconf 90' lang='lat' dir='ltr'>patronos</span> <span class='ocrx_word' id='word_1_476' title='bbox 1806 3925 1881 3996; x_wconf 89' lang='lat' dir='ltr'>eius</span> <span class='ocrx_word' id='word_1_477' title='bbox 1896 3921 2068 4008; x_wconf 91' lang='lat' dir='ltr'>horteris,</span> <span class='ocrx_word' id='word_1_478' title='bbox 2094 3937 2135 3994; x_wconf 91' lang='lat' dir='ltr'>nt</span> 
     </span>
     <span class='ocr_line' id='line_1_80' title="bbox 1239 4023 2134 4120; baseline -0.007 -21"><span class='ocrx_word' id='word_1_479' title='bbox 1239 4023 1307 4100; x_wconf 85' lang='lat' dir='ltr'>hoc</span> <span class='ocrx_word' id='word_1_480' title='bbox 1340 4041 1556 4120; x_wconf 88' lang='lat' dir='ltr'>postremum</span> <span class='ocrx_word' id='word_1_481' title='bbox 1590 4027 1745 4098; x_wconf 85' lang='lat' dir='ltr'>officium</span> <span class='ocrx_word' id='word_1_482' title='bbox 1784 4041 1962 4118; x_wconf 89' lang='lat' dir='ltr'>praestent</span> <span class='ocrx_word' id='word_1_483' title='bbox 1999 4027 2134 4119; x_wconf 90' lang='lat' dir='ltr'>optimu</span> 
     </span>
     <span class='ocr_line' id='line_1_81' title="bbox 1239 4127 1879 4210; baseline -0.003 -10"><span class='ocrx_word' id='word_1_484' title='bbox 1239 4129 1470 4210; x_wconf 87' lang='lat' dir='ltr'>adolescenti,</span> <span class='ocrx_word' id='word_1_485' title='bbox 1497 4142 1537 4200; x_wconf 90' lang='lat' dir='ltr'>ut</span> <span class='ocrx_word' id='word_1_486' title='bbox 1552 4127 1670 4198; x_wconf 89' lang='lat' dir='ltr'>debita</span> <span class='ocrx_word' id='word_1_487' title='bbox 1686 4127 1879 4204; x_wconf 86' lang='lat' dir='ltr'>solvantur.</span> 
     </span>
    </p>
   </div>
   <div class='ocr_carea' id='block_1_31' title="bbox 2069 4341 2131 4356">
    <p class='ocr_par' dir='ltr' id='par_1_32' title="bbox 2069 4341 2131 4356">
     <span class='ocr_line' id='line_1_82' title="bbox 2069 4341 2131 4356; baseline 0.032 -2"><span class='ocrx_word' id='word_1_488' title='bbox 2069 4341 2131 4356; x_wconf 51' lang='lat' dir='ltr'>q</span> 
     </span>
    </p>
   </div>
   <div class='ocr_carea' id='block_1_32' title="bbox 1137 4485 1332 4562">
    <p class='ocr_par' dir='ltr' id='par_1_33' title="bbox 1137 4485 1332 4562">
     <span class='ocr_line' id='line_1_83' title="bbox 1137 4485 1332 4562; baseline -0.01 -2"><span class='ocrx_word' id='word_1_489' title='bbox 1137 4487 1204 4560; x_wconf 87' lang='lat' dir='ltr'>Nn.</span> <span class='ocrx_word' id='word_1_490' title='bbox 1217 4485 1332 4562; x_wconf 78' lang='lat'>6124.</span> 
     </span>
    </p>
   </div>
   <div class='ocr_carea' id='block_1_33' title="bbox 1957 4571 2127 4612">
    <p class='ocr_par' dir='ltr' id='par_1_34' title="bbox 1957 4571 2127 4612">
     <span class='ocr_line' id='line_1_84' title="bbox 1957 4571 2127 4612; baseline -0.018 0"><span class='ocrx_word' id='word_1_491' title='bbox 1957 4571 2127 4612; x_wconf 52' lang='grc' dir='ltr'>Μ</span> 
     </span>
    </p>
   </div>
   <div class='ocr_carea' id='block_1_34' title="bbox 1205 4687 1951 4924">
    <p class='ocr_par' dir='ltr' id='par_1_35' title="bbox 1205 4687 1951 4924">
     <span class='ocr_line' id='line_1_85' title="bbox 1462 4687 1815 4777; baseline 0 -1"><span class='ocrx_word' id='word_1_492' title='bbox 1462 4687 1530 4777; x_wconf 82' lang='lat' dir='ltr'>Io.</span> <span class='ocrx_word' id='word_1_493' title='bbox 1552 4687 1815 4776; x_wconf 82' lang='lat' dir='ltr'>Muttben&#39;o.</span> 
     </span>
     <span class='ocr_line' id='line_1_86' title="bbox 1205 4845 1951 4924; baseline 0 -19"><span class='ocrx_word' id='word_1_494' title='bbox 1205 4849 1290 4923; x_wconf 65' lang='lat' dir='ltr'>epu.</span> <span class='ocrx_word' id='word_1_495' title='bbox 1309 4849 1356 4910; x_wconf 82' lang='lat' dir='ltr'>us.</span> <span class='ocrx_word' id='word_1_496' title='bbox 1370 4849 1405 4909; x_wconf 88' lang='grc' dir='ltr'>ιι.</span> <span class='ocrx_word' id='word_1_497' title='bbox 1424 4867 1451 4924; x_wconf 69' lang='grc' dir='ltr'>ρ.</span> <span class='ocrx_word' id='word_1_498' title='bbox 1465 4851 1509 4908; x_wconf 82' lang='lat' dir='ltr'>ss</span> <span class='ocrx_word' id='word_1_499' title='bbox 1529 4851 1583 4918; x_wconf 71' lang='lat' dir='ltr'>aa.</span> <span class='ocrx_word' id='word_1_500' title='bbox 1602 4851 1688 4907; x_wconf 70' lang='lat' dir='ltr'>cau.</span> <span class='ocrx_word' id='word_1_501' title='bbox 1707 4847 1757 4912; x_wconf 85' lang='grc' dir='ltr'>ιιι.</span> <span class='ocrx_word' id='word_1_502' title='bbox 1770 4851 1806 4907; x_wconf 89' lang='grc' dir='ltr'>ιι.</span> <span class='ocrx_word' id='word_1_503' title='bbox 1825 4867 1870 4922; x_wconf 66' lang='lat' dir='ltr'>ep.</span> <span class='ocrx_word' id='word_1_504' title='bbox 1883 4845 1951 4920; x_wconf 66' lang='lat' dir='ltr'>ssa</span> 
     </span>
    </p>
   </div>
   <div class='ocr_carea' id='block_1_35' title="bbox 1336 5001 1931 5082">
    <p class='ocr_par' dir='ltr' id='par_1_36' title="bbox 1336 5001 1931 5082">
     <span class='ocr_line' id='line_1_87' title="bbox 1336 5001 1931 5082; baseline 0.002 -3"><span class='ocrx_word' id='word_1_505' title='bbox 1336 5003 1394 5082; x_wconf 91' lang='lat' dir='ltr'>D.</span> <span class='ocrx_word' id='word_1_506' title='bbox 1419 5001 1635 5080; x_wconf 86' lang='lat' dir='ltr'>lobanni</span> <span class='ocrx_word' id='word_1_507' title='bbox 1664 5001 1931 5080; x_wconf 83' lang='lat' dir='ltr'>Mattbesio</span> 
     </span>
    </p>
   </div>
   <div class='ocr_carea' id='block_1_36' title="bbox 1134 5141 2135 5556">
    <p class='ocr_par' dir='ltr' id='par_1_37' title="bbox 1134 5141 2135 5556">
     <span class='ocr_line' id='line_1_88' title="bbox 1136 5141 2132 5240; baseline 0.004 -14"><span class='ocrx_word' id='word_1_508' title='bbox 1136 5141 1185 5230; x_wconf 85' lang='lat' dir='ltr'>S.</span> <span class='ocrx_word' id='word_1_509' title='bbox 1210 5149 1257 5230; x_wconf 89' lang='lat' dir='ltr'>D.</span> <span class='ocrx_word' id='word_1_510' title='bbox 1306 5149 1516 5228; x_wconf 77' lang='lat' dir='ltr'>Revereude</span> <span class='ocrx_word' id='word_1_511' title='bbox 1538 5155 1594 5226; x_wconf 88' lang='lat' dir='ltr'>vir</span> <span class='ocrx_word' id='word_1_512' title='bbox 1617 5167 1651 5228; x_wconf 91' lang='lat' dir='ltr'>et</span> <span class='ocrx_word' id='word_1_513' title='bbox 1672 5151 1877 5228; x_wconf 86' lang='lat' dir='ltr'>charissime</span> <span class='ocrx_word' id='word_1_514' title='bbox 1891 5157 2019 5240; x_wconf 84' lang='lat' dir='ltr'>irater,</span> <span class='ocrx_word' id='word_1_515' title='bbox 2052 5155 2132 5230; x_wconf 89' lang='lat' dir='ltr'>Sci-</span> 
     </span>
     <span class='ocr_line' id='line_1_89' title="bbox 1136 5251 2132 5348; baseline 0.004 -22"><span class='ocrx_word' id='word_1_516' title='bbox 1136 5279 1215 5326; x_wconf 90' lang='lat' dir='ltr'>mus</span> <span class='ocrx_word' id='word_1_517' title='bbox 1229 5255 1268 5326; x_wconf 87' lang='lat' dir='ltr'>in</span> <span class='ocrx_word' id='word_1_518' title='bbox 1280 5251 1348 5327; x_wconf 90' lang='lat' dir='ltr'>hac</span> <span class='ocrx_word' id='word_1_519' title='bbox 1361 5257 1506 5340; x_wconf 85' lang='lat' dir='ltr'>ultima,</span> <span class='ocrx_word' id='word_1_520' title='bbox 1529 5254 1748 5348; x_wconf 68' lang='lat' dir='ltr'>languida&#39;et</span> <span class='ocrx_word' id='word_1_521' title='bbox 1762 5257 1873 5332; x_wconf 87' lang='lat' dir='ltr'>delira</span> <span class='ocrx_word' id='word_1_522' title='bbox 1887 5257 2012 5330; x_wconf 85' lang='lat' dir='ltr'>mundi</span> <span class='ocrx_word' id='word_1_523' title='bbox 2028 5281 2132 5330; x_wconf 87' lang='lat' dir='ltr'>seue-</span> 
     </span>
     <span class='ocr_line' id='line_1_90' title="bbox 1135 5353 2133 5452; baseline 0 -22"><span class='ocrx_word' id='word_1_524' title='bbox 1135 5373 1191 5432; x_wconf 83' lang='lat' dir='ltr'>cta</span> <span class='ocrx_word' id='word_1_525' title='bbox 1214 5379 1359 5448; x_wconf 80' lang='lat' dir='ltr'>magnas</span> <span class='ocrx_word' id='word_1_526' title='bbox 1383 5357 1520 5430; x_wconf 83' lang='lat' dir='ltr'>suturas</span> <span class='ocrx_word' id='word_1_527' title='bbox 1542 5381 1616 5429; x_wconf 84' lang='lat' dir='ltr'>esse</span> <span class='ocrx_word' id='word_1_528' title='bbox 1642 5353 1878 5452; x_wconf 87' lang='lat' dir='ltr'>lmperiorum</span> <span class='ocrx_word' id='word_1_529' title='bbox 1900 5357 2133 5446; x_wconf 61' lang='lat' dir='ltr'>consutiones</span> 
     </span>
     <span class='ocr_line' id='line_1_91' title="bbox 1134 5455 2135 5556; baseline 0 -24"><span class='ocrx_word' id='word_1_530' title='bbox 1134 5472 1169 5532; x_wconf 88' lang='lat' dir='ltr'>ct</span> <span class='ocrx_word' id='word_1_531' title='bbox 1203 5459 1318 5546; x_wconf 74' lang='lat' dir='ltr'>sancti</span> <span class='ocrx_word' id='word_1_532' title='bbox 1341 5459 1412 5531; x_wconf 79' lang='lat' dir='ltr'>viri</span> <span class='ocrx_word' id='word_1_533' title='bbox 1432 5459 1682 5556; x_wconf 80' lang='lat' dir='ltr'>praedixerunt</span> <span class='ocrx_word' id='word_1_534' title='bbox 1705 5461 1915 5534; x_wconf 84' lang='lat' dir='ltr'>nominatim</span> <span class='ocrx_word' id='word_1_535' title='bbox 1938 5455 2135 5536; x_wconf 75' lang='lat' dir='ltr'>Tunicam</span> 
     </span>
    </p>
   </div>
   <div class='ocr_carea' id='block_1_37' title="bbox 1785 5585 1796 5664">
    <p class='ocr_par' dir='ltr' id='par_1_38' title="bbox 1785 5585 1796 5664">
     <span class='ocr_line' id='line_1_92' title="bbox 1785 5585 1796 5664; baseline 0 0"><span class='ocrx_word' id='word_1_536' title='bbox 1785 5585 1796 5664; x_wconf 86' lang='lat' dir='ltr'>l</span> 
     </span>
    </p>
   </div>
   <div class='ocr_carea' id='block_1_38' title="bbox 0 0 2370 6202">
    <p class='ocr_par' dir='ltr' id='par_1_39' title="bbox 0 0 2370 6202">
     <span class='ocr_line' id='line_1_93' title="bbox 0 0 2370 6202; baseline 0 0"><span class='ocrx_word' id='word_1_537' title='bbox 0 0 2370 6202; x_wconf 95' lang='lat' dir='ltr'> </span> 
     </span>
    </p>
   </div>
  </div>
 </body>
</html>
