4680 6220
101 283 165 360 uo
676 227 1115 358 semronanuu
1165 275 1274 354 nra.
1304 274 1369 352 xa.
1423 275 1557 352 1⁵4⁸.
2060 278 2139 366 1³0·

101 457 189 528 sedes
198 465 402 549 quaerunt,
418 453 517 526 venit
530 453 574 524 ad
590 443 1097 550 meSigismundus‘JNao-
1141 445 1396 540 Imperatorem
1416 448 1500 518 inde
1513 473 1636 522 omnes
1653 447 1952 546 Concionatore‘s,
1976 459 2040 556 qui
2057 457 2130 536 'an-

103 554 307 652 durgeusis,
325 553 461 628 ¹doctus
480 571 514 628 et
537 551 708 626 honestus
731 556 801 642 vir,
828 579 912 626 nam
937 570 971 628 et
995 555 1094 628 solu·
1139 564 1193 620 tea
1210 549 1262 621 ibi
1277 551 1493 634 docuerunt,
1509 563 1630 644 captos
1645 567 1679 624 et
1692 555 1731 624 iu
1747 559 1976 650 compedibus
1993 563 2131 638 vinctos

107 675 169 732 tam
182 661 407 742 orationem,
425 671 459 728 et
480 681 623 730 carmen
637 681 714 728 non
731 651 874 728 sordide
889 657 1032 745 scribit,
1059 673 1094 730 et
1138 646 1389 744 abduxisse¹).
1456 651 1581 744 Spirae
1614 652 1800 728 inchoahit
1835 657 1926 753 Imp.
1957 661 2130 737 iudicium

112 755 306 832 mathemata
323 760 448 843 callet,
474 781 580 852 seque
605 759 676 830 iam
692 759 848 830 medicae
866 761 950 830 artis
966 758 1092 831 studiis
1138 755 1327 835 Gamerae,
1367 752 1571 825 Vormatiae
1595 757 1729 828 dicitur
1749 759 1864 830 lilium
1887 777 2131 854 expectaturus
2190 811 2193 818 ·

111 863 216 934 dedere
240 863 360 954 cepit,
410 859 472 954 qui
496 886 578 932 eum
602 859 672 930 sibi
695 861 816 932 locum
838 863 932 932 tradi
956 862 1091 954 petivit.
1137 880 1223 930 esse.
1273 851 1467 926 Ecclesiam
1492 869 1527 926 et
1547 879 1614 927 nos
1634 883 1761 930 omnes
1778 858 1876 932 Deus
1901 871 2128 940 commende-

105 961 176 1034 Cum
201 977 278 1034 tam
306 961 371 1033 diu
393 961 796 1050 neminemiudicasses,
821 961 995 1058 proficisci
1011 987 1090 1034 eum
1136 980 1226 1030 mus.
1288 955 1381 1030 Cum
1407 979 1618 1048 responsum
1644 961 1793 1053 accipiet
1828 977 1943 1034 vester
1964 964 2130 1058 Senatus,

99 1065 192 1151 iussi,
226 1079 269 1138 ut
293 1057 655 1149 coramvolu'ncatem
674 1057 885 1136 Academiae
903 1065 1035 1136 detota
1053 1090 1090 1135 re
1136 1060 1240 1154 quale
1255 1057 1319 1144 sit,
1336 1058 1592 1150 significabitis.
1632 1059 1749 1134 Multa
1763 1065 1866 1135 vobis
1883 1091 2027 1139 narrare
2045 1095 2129 1164 pos-

96 1167 261 1260 exploret.
315 1163 502 1236 Profectus
527 1177 578 1236 cst
599 1179 680 1236 ante
698 1167 942 1260 quatriduum.
992 1165 1089 1238 Haec
1134 1185 1228 1248 sem,
1253 1161 1283 1231 si
1307 1184 1378 1231 una
1404 1184 1575 1246 essemus,
1609 1187 1699 1256 quae
1723 1165 1835 1234 literis
1857 1169 2031 1242 committi
2053 1199 2127 1243 non

92 1269 132 1340 ita
156 1295 177 1338 a
201 1293 263 1338 me
292 1267 447 1360 simplici
471 1267 590 1339 animo
614 1281 689 1336 acta
714 1283 816 1350 sunt,
844 1293 933 1364 quae
946 1281 986 1338 ut
1001 1269 1088 1340 boni
1135 1277 1295 1356 possunt.
1329 1259 1720 1354 Noribergaeedicturn
1739 1269 1962 1358 propositum
1981 1286 2128 1344 esttan-

91 1371 254 1440 consulas
270 1359 351 1440 bro.
400 1365 549 1449 Gaudeo
565 1369 698 1440 alicubi
712 1369 953 1441 doctrinarum
972 1371 1087 1440 studia
1134 1381 1209 1436 tum
1226 1367 1270 1434 de
1284 1359 1343 1454 'his
1361 1364 1477 1436 tribus
1495 1365 1619 1448 rebus,
1646 1371 1690 1438 de
1707 1369 1915 1440 adiiciendis
1937 1373 2036 1443 festis
2049 1377 2128 1447 die·

90 1497 255 1558 manere,
305 1483 341 1542 et
361 1474 624 1540 mansn'ru'esse
645 1495 769 1567 spero,
804 1471 941 1542 etiamsi
964 1471 1002 1540 in
1022 1467 1088 1542 hac
1133 1470 1200 1538 bus
1226 1467 1381 1560 aliquot,
1417 1465 1461 1535 de
1486 1465 1631 1537 ieiuniis
1658 1482 1693 1539 et
1725 1470 1862 1560 privata
1892 1471 2127 1548 absolutione.

90 1589 246 1644 extrema
272 1571 399 1640 mundi
427 1589 563 1662 senecta
589 1577 694 1642 erunt
716 1571 951 1664 squalidiores
967 1585 999 1642 ct
1017 1571 1088 1644 Ec·
1134 1567 1212 1644 Vos
1244 1567 1390 1660 potestis
1422 1581 1603 1660 expectare
1645 1593 1855 1664 responsum
1890 1569 2127 1668 imperatoris.

89 1675 216 1746 clesiae
242 1687 279 1744 et
302 1671 458 1765 politiae.
519 1669 681 1763 Quantas
705 1674 855 1744 iniurias
881 1675 1024 1746 tulerim
1048 1699 1087 1744 ac
1134 1665 1337 1762 †Optarim
1356 1681 1471 1738 autem
1489 1683 1523 1740 et
1539 1691 1620 1758 ego,
1643 1684 1684 1741 ut
1707 1674 1974 1745 concionatores
1991 1681 2126 1751 doctri.

89 1775 413 1856 dissimulaverim,
448 1788 594 1866 propter
621 1771 688 1846 hoc
720 1777 984 1870 quaelecunquc
1014 1791 1088 1848 stu·
1133 1796 1216 1842 nam
1233 1772 1464 1842 necessariam
1475 1772 1659 1874 perspicue
1674 1787 1708 1844 et
1723 1777 1882 1844 modeste
1900 1779 2052 1850 subinde
2068 1807 2128 1852 re·-

89 1881 186 1948 dium
210 1877 421 1954 excitandae
446 1871 712 1970 philosophiae,
738 1877 811 1946 imo
830 1894 864 1950 et
888 1878 1086 1970 explicandi
1131 1887 1291 1964 peterent
1314 1873 1391 1942 sine
1412 1871 1486 1940 ulla
1509 1873 1690 1942 mentione
1704 1874 1790 1944 libri
1805 1869 2025 1966 Augustani,
2050 1879 2123 1952 lm-

88 1975 317 2050 hnrridiores
331 1977 467 2070 aliquas
484 1979 648 2048 materias
661 1973 880 2068 theologicas
898 1979 1003 2050 multi
1020 2005 1087 2069 no,-
1133 1977 1304 2068 peratoris
1319 1988 1353 2044 et
1370 1973 1522 2042 aliorum
1540 1971 1766 2064 Principum,
1790 1989 1824 2044 et
1839 1977 1915 2045 sine
1932 1979 2016 2049 ullis
2036 2007 2123 2052 con-

89 2084 190 2154 mnt.'
239 2079 867 2154 Nuncaliaduriorascrcndasunt.
921 2081 990 2151 Sed
1009 2105 1087 2174 spe·
1132 2076 1243 2146 viciis.
1294 2073 1398 2146 Certe
1416 2075 1568 2144 multum
1586 2075 1788 2146 alienarunt
1801 2077 2001 2149 voluntates
2017 2084 2122 2154 etiam

91 2181 264 2254 culleum
285 2181 950 2268 nobisrnitigaturumesseaerumnas.
989 2179 1086 2268 Bene
1133 2183 1308 2250 bonorum
1330 2192 1402 2248 tam
1422 2177 1542 2246 crebra
1561 2174 1797 2270 convicia''²).

93 2301 123 2354 et
139 2281 294 2354 feliciter
309 2281 397 2352 vale.
453 2281 552 2352 Deus
567 2298 730 2354 aeternus
752 2299 852 2374 pater
865 2285 1003 2354 domini
1020 2310 1087 2354 no·
1230 2275 1519 2362 Adolescentem,
1545 2267 1821 2348 Canu'onmlae
1845 2281 1977 2368 filium,
1991 2287 2122 2367 ,remisi

95 2387 152 2456 stri
175 2384 257 2454 lesu
273 2379 409 2454 Christi
435 2397 549 2453 servet
574 2399 607 2454 tc
631 2399 664 2454 et
687 2381 882 2456 Ecclesiam
904 2400 1002 2455 tuam
1021 2387 1087 2456 do·
1131 2381 1169 2450 in
1184 2379 1362 2466 Patriam,
1385 2393 1418 2450 et
1436 2381 1480 2448 ad
1498 2377 1638 2450 Patrem
1654 2381 1798 2471 scripsi,
1823 2393 1856 2451 et
1872 2383 2026 2453 rationes
2041 2385 2124 2461 lite-

96 2487 284 2556 mesticam.
336 2481 505 2555 Calendis
528 2484 708 2576 Septemb.
761 2483 799 2556 Si
822 2481 1087 2578 Sigismundus
1131 2483 1181 2552 ris
1202 2481 1344 2556 inclusi.
1397 2479 1594 2562 Videbam,
1620 2505 1702 2550 eum
1728 2481 1826 2552 nolle
1849 2484 1888 2552 in
1911 2509 1985 2554 uno
2009 2501 2043 2557 et
2065 2488 2124 2556 in-

100 2589 250 2660 oblatum
281 2609 413 2654 munus
446 2609 520 2655 non
555 2587 702 2678 accipit,
747 2601 809 2657 tuo
843 2588 957 2658 arnico
991 2589 1087 2658 dele·
1131 2579 1257 2659 choato
1273 2583 1390 2654 studio
1407 2583 1601 2655 immorari.
1627 2579 1724 2652 Haec
1742 2583 1866 2654 levitas
1881 2587 1991 2676 magis
2008 2589 2124 2657 olien-

106 2713 220 2764 remus.
1131 2687 1185 2756 dit
1198 2710 1276 2772 mc,
1301 2710 1407 2779 quam
1424 2683 1560 2776 reliqua
1578 2684 1654 2754 eius
1668 2683 1773 2766 vitia,
1800 2707 1889 2778 quae
1912 2689 2042 2778 corrigi
2056 2715 2123 2782 po-

664 2781 840 2880 Philppus
861 2787 1038 2868 Melanth.
1132 2789 1299 2874 tuissent,
1325 2787 1356 2856 si
1379 2786 1501 2857 fuisset
1515 2785 1705 2859 studiosus.
1756 2785 1863 2856 Nunc
1885 2789 1988 2859 vobis
2011 2792 2122 2861 ratio-

1132 2913 1193 2959 nes
1218 2891 1341 2970 mitto,
1376 2889 1415 2958 in
1437 2888 1568 2980 quibus
1589 2887 1793 2958 adolescens
1817 2909 1881 2959 sua
1902 2913 2011 2962 manu
2033 2895 2122 2962 scri-

189 2971 365 3049 Forsteri
377 2975 600 3048 tabellarium
618 2973 700 3044 misi
714 2971 1086 3050 adAscaniumPrin-
1130 2991 1201 3082 psit
1223 2991 1430 3084 pecuniam,
1462 3013 1568 3082 quam
1592 2989 1626 3058 ei
1652 2989 1745 3062 dedi.
1797 2983 1875 3080 Ego
1898 3015 1976 3064 mea
1997 3017 2120 3078 manu,

99 3079 235 3172 cipcm„
266 3075 316 3150 Et
337 3092 457 3148 tamen
476 3079 510 3146 ei
533 3091 666 3148 certum
691 3077 810 3148 locum
827 3069 995 3154 indicavi.
1048 3081 1084 3151 Si
1132 3115 1254 3186 quaea
1272 3093 1376 3162 nobis
1390 3091 1519 3180 accepi,

98 3183 185 3252 rolet
201 3183 404 3273 gubernare
420 3176 616 3250 Ecclesiam
625 3171 1013 3274 Roseusburgenscm,
1029 3205 1086 3251 ac·
1131 3173 1137 3187 ’
1212 3279 1215 3286 Ι
1233 3191 1375 3282 Quibus
1400 3213 1462 3280 ego
1486 3192 1527 3258 in
1549 3190 1718 3283 periculis
1733 3194 1819 3274 sim,
1840 3195 2045 3266 ratiocinari
2068 3199 2123 3267 fa..

99 3284 179 3353 ccrsi
206 3307 288 3354 cum
310 3284 355 3352 ab
382 3282 457 3352 eius
480 3281 579 3350 urbis
602 3279 736 3352 Senatu
765 3285 979 3357 curabimus.
1027 3281 1084 3356 Tu
1127 3293 1197 3364 cile
1221 3293 1376 3385 potestis.
1434 3290 1540 3362 Nunc
1564 3288 1634 3362 hoc
1659 3295 1810 3379 accedit,
1838 3299 1933 3388 quod
1961 3293 2122 3368 Ialebius

99 3385 177 3478 quid
199 3384 426 3476 responderis
457 3383 545 3451 scire
570 3383 683 3474 cupio.
736 3381 909 3454 Fortassis
934 3387 1028 3454 enim
1053 3395 1087 3454 et
1131 3396 1236 3466 etiam
1259 3382 1525 3466 Marchimm
1549 3397 1718 3463 adversus
1737 3419 1794 3463 me
1819 3398 1990 3471 accendit,
2049 3398 2122 3470 sed

98 3483 276 3582 Philyram
292 3487 443 3578 appetit,
470 3497 512 3553 ut
526 3483 640 3552 multi.
692 3479 975 3557 Mathesiusait
997 3489 1085 3556 sein
1133 3497 1205 3568 Deo
1227 3488 1526 3579 mn'commendo.
1578 3492 1770 3585 Tantisper
1794 3499 1971 3590 monebo,
2006 3499 2120 3570 donec

97 3581 147 3656 bis
163 3587 369 3682 praesertim
386 3583 601 3658 tumultibus
616 3609 690 3654 non
708 3587 943 3657 discessurum
970 3613 1085 3680 essea
1128 3600 1273 3682 yideor,
1304 3613 1485 3690 utcunque
1513 3617 1615 3688 posse
1638 3619 1804 3682 manere,
1839 3598 2017 3689 quianon
2044 3601 2120 3670 sine

98 3713 154 3760 sna
171 3689 340 3762 Ecclesia.
389 3685 528 3760 Literas
546 3687 620 3793 eius
639 3687 753 3762 mitto.
803 3687 913 3760 Plura
931 3715 1060 3764 coram.
1131 3701 1347 3790 gravissimis
1367 3699 1480 3783 causis
1503 3695 1723 3767 occasionem
1739 3695 1963 3789 dissipationi
1980 3697 2120 3772 scholae

459 3794 463 3808 '
532 3788 557 3806 ”
599 3801 610 3814 ”
774 3791 779 3806 ’
984 3791 986 3796 ’
1132 3802 1210 3870 dari
1239 3803 1362 3876 velim.
1420 3801 1491 3871 Sed
1527 3791 1594 3890 hoc
1628 3823 1769 3892 quoque
1795 3804 2006 3872 commendo
2033 3803 2121 3889 Deo,

961 3994 965 4003 Ι
1020 3973 1023 3981 ,
1133 3929 1239 3998 quem
1269 3929 1343 3973 non
1374 3903 1517 3986 dubito,
1549 3901 1732 3994 aliquanto
1759 3915 1837 3993 post
1857 3901 1934 3972 fore
1961 3901 2120 3974 Iudicem

1133 4003 1260 4078 harum
1279 4004 1611 4076 controversiarum.
1719 4059 1725 4072 .

95 4115 288 4196 Nudam,
779 4149 783 4161 ·
850 4159 853 4167 ·
952 4125 1103 4210 1,spu„‘
1232 4105 1372 4178 Rursus
1393 4106 1431 4172 in
1452 4101 1619 4194 Angliam
1641 4119 1785 4176 vocatus
1807 4130 1898 4179 sum.
1951 4105 1993 4176 ln
2015 4101 2118 4201 Pege

101 4213 270 4246 Μ
490 4251 496 4262 ·
580 4257 607 4290 ,ι
753 4255 758 4286 ,
840 4205 844 4213 ’
951 4223 1083 4250 ⁹⁸¹⁸*
1133 4211 1238 4282 hreve
1263 4201 1481 4300 colloquium
1506 4205 1573 4301 ipit
1596 4209 1640 4274 de
1666 4203 2121 4292 Articulolustilicationis‚

327 4301 331 4311 ¹
365 4317 437 4404 M,
468 4283 808 4438 Meignbmioj
953 4394 981 4407 ,Ι
1127 4303 1196 4410 ubi
1217 4303 1376 4383 intellexi
1399 4307 1443 4377 ab
1462 4301 1859 4398 Hispanicornonacho
1891 4309 2120 4399 depravatum

160 4475 352 4550 specuum
368 4477 453 4554 psas
496 4483 572 4562 qa...
606 4456 1105 4566 nars'qaaamaasusiuiuuin‘
1133 4437 1214 4584 ἶῗιζ
1229 4407 1529 4604 ἓῖιῖζῖῐξέζίωω
1552 4407 1782 4478 v⁰¹¹¹¹¹¹³¹⁰m
1834 4406 1934 4478 Idem
1954 4405 2121 4482 “Im'‘

163 4593 168 4609 ,
190 4545 430 4616 fined.1.1)eet.‚
443 4566 477 4624 ,qe
491 4570 576 4622 „sape
596 4549 680 4605 dubio
695 4571 724 4604 u
737 4571 829 4626 ercopc
844 4571 883 4624 qq
939 4573 983 4622 pn,
999 4573 1084 4626 qqum

191 4617 258 4670 ’Μὴ
273 4627 398 4688 ²ee³rt³²
414 4635 446 4670 ⁰¹
458 4627 639 4690 ²¹s⁰¹¹¹⁶¹¹²⁰2
657 4636 716 4674 ⁰³⁰¹
730 4621 821 4692 e⁰¹i¹¹⁸
835 4618 863 4681 d.
879 4625 911 4723 Ι),
932 4623 1085 4716 ‘eth-25¹5·
1233 4625 1305 4700 Dn.
1313 4623 1505 4696 Ductorem
1515 4617 1760 4694 Matthaeum
1772 4625 1906 4718 placari
1920 4619 2010 4694 mihi
2025 4641 2121 4718 opto.

190 4695 250 4740 cnm
265 4699 333 4817 ‘ist'
367 4761 372 4772 ·
990 4792 1018 4828 .:.
1044 4715 1075 4828 ἰ
1129 4731 1205 4828 Cup
1228 4755 1268 4800 er
1293 4729 1354 4798 illa
1378 4723 1568 4820 epistola')
1592 4749 1666 4804 non
1691 4741 1882 4818 excerpunt
1905 4725 1976 4794 alia
2000 4743 2122 4800 contra

325 4837 475 4920 Mica.
501 4839 870 4954 Meienburgio.
1012 4920 1016 4929 Ι
1074 4863 1106 4924 ιι
1129 4829 1485 4918 adversariosdicta?
1534 4823 1583 4898 Et
1601 4828 1856 4918 ignoscendum
1872 4839 2039 4900 eratmeo
2056 4833 2122 4900 do-

90 4981 126 5068 s
165 4991 202 5064 D
271 4976 622 5066 Honesfisspme'vir
656 5010 690 5066 et
722 4997 834 5068 amice
868 4969 1076 5070 pharasim
1129 4935 1219 5032 lori,
1241 4933 1543 5028 praesectimcum
1560 4952 1622 5020 ego
1642 4943 1763 5000 nostra
1785 4931 1879 5000 mala
1902 4930 2030 5001 melius
2054 4957 2122 5002 no.

128 5047 139 5066 ·
203 5045 213 5068 .
1077 5055 1085 5073 ⁹
1133 5073 1142 5080 .

89 5093 158 5166 Dei
182 5095 355 5166 beneficio
377 5100 472 5180 'recte
494 5091 590 5166 ralet'
608 5095 726 5182 lilius,
752 5111 786 5170 et
802 5101 916 5172 discit.
967 5097 1085 5170 Hodie
1130 5095 1351 5134 ·”-“··“···

88 5193 182 5268 mihi
208 5193 367 5268 n'arrailll
389 5197 566 5292 quispiam
586 5211 680 5270 recia
710 5201 858 5272 veniens
890 5224 930 5273 ex
953 5183 1086 5287 Ulmus,
1132 5191 1193 5289 2¹)
1209 5219 1308 5274 Totam
1323 5219 1383 5271 reni
1395 5211 1773 5286 prdlirenamritSleidanus
1787 5211 1972 5270 inflamment
1987 5211 2123 5286 phlbeq.

1163 5306 1192 5376 2)
1210 5303 1342 5426 Additai
1349 5303 1404 5368 D.,
1419 5319 1505 5372 qnae,
1515 5297 1720 5356 curSaubectos
1735 5315 1791 5354 non
1806 5300 1937 5364 ediderit,
1954 5299 2035 5356 facile
2046 5301 2124 5374 quis·

1181 5391 1255 5446 'qne
1267 5392 1294 5428 u
1345 5413 1351 5428 .
1891 5418 1893 5427 p

124 5449 397 5520 neumaiam.
748 5525 752 5535 ¹
860 5435 867 5442 '
1166 5457 1196 5530 s>
1214 5457 1258 5516 aa
1271 5455 1478 5547 efflavisse,
1494 5453 1522 5511 a.
1536 5453 1667 5524 ceap.
1680 5453 1756 5509 raes.

92 5525 273 5598 limana.
296 5533 400 5600 Orsa.
425 5531 510 5600 Vos..
524 5531 599 5600 Vll.
1390 5529 1414 5600 9
