4592 6218
232 303 308 376 aas
802 295 1242 376 urtsronauuu
1292 298 1401 380 utu.
1428 298 1513 380 ΧΠ.
1564 295 1698 380 rsso.
2163 311 2210 386 m
2265 367 2266 402 ,

233 491 391 568 ternpore
417 496 458 544 eo
487 471 608 544 miuus
636 471 819 544 insuavem
843 472 968 544 fuisse:
994 470 1077 564 quia
1107 469 1232 540 eodem
1285 473 1485 564 complexos
1497 497 1583 547 esse.
1617 473 1726 546 Mitto
1739 473 1843 545 vobis
1856 475 2020 566 pagellas,
2043 489 2214 571 qnaentcm·
2265 515 2266 590 p

232 593 392 668 tempore
406 574 593 646 uobiscum
607 573 675 645 luit
691 571 737 648 D.
746 567 964 644 Ioachimus
978 566 1232 655 Camerarius,
1284 595 1353 664 que
1375 575 1577 646 studiorum
1593 575 1725 645 indicia
1750 577 1946 652 continent.
1998 575 2115 649 lterum
2131 582 2215 654 valete.

233 679 335 750 cuius
356 676 535 770 colloquia
562 697 685 766 spero,
717 671 892 744 Matthiae
917 675 1090 767 voluptati
1113 674 1231 744 fuisse.
1283 671 1443 746 Salutem
1456 689 1540 767 opto
1561 669 2031 756 etulohanm'Stormio.

232 777 288 852 De
303 778 456 871 publicis
477 777 627 866 negotiis
642 776 707 848 etsi
727 777 840 848 multa
863 777 988 855 audio:
1015 789 1134 846 tamen
1157 797 1231 843 uon

232 882 321 952 libet
338 879 513 964 scribere,
540 877 624 975 quia
645 901 711 948 vos
733 877 883 948 certiora
906 877 1049 950 auditis·
1098 874 1147 948 Et
1168 898 1231 964 ego

232 979 328 1054 hanc
341 979 622 1052 consolationem
637 993 672 1049 et
685 1001 767 1047 vere
783 1003 918 1048 sacram
936 975 1114 1049 Anconam
1129 1001 1232 1069 prae-

233 1087 336 1175 cipue
360 1083 491 1172 cogito:
519 1079 632 1150 Filius
648 1079 715 1150 Dei
731 1094 847 1150 custos
868 1094 920 1150 est
934 1077 1113 1150 Ecclesiae
1136 1101 1231 1156 suae,

233 1201 268 1255 et
288 1180 459 1254 hacteuus
485 1206 552 1252 nos
574 1181 786 1252 mirabiliter
810 1181 974 1273 protexit.
1025 1180 1133 1250 Hunc
1155 1203 1232 1259 oro,
1861 1247 1871 1268 ‚

231 1300 273 1358 ut
287 1286 452 1376 deinceps
466 1307 533 1354 nos
554 1283 727 1372 gubernet
749 1295 784 1352 et
802 1295 971 1374 protegat.
1023 1277 1102 1352 Oro
1125 1281 1230 1350 etiam
1594 1245 1689 1330 1⁰⁰·
1717 1245 1973 1365 Bffdmffll·

1283 1043 1350 1116 No.
1364 1043 1477 1120 4772.
2097 1053 2223 1173 Q

1289 1140 1462 1170 m

231 1411 334 1473 eum,
357 1400 401 1468 ut
412 1409 475 1456 vos
493 1397 677 1456 et¹vestros
692 1397 806 1454 servet
819 1384 1035 1468 incolumes,
1059 1383 1232 1472 gubernet
1353 1423 1376 1494 †
1397 1420 1435 1475 Er
1452 1441 1548 1494 ,W
1564 1422 1594 1476 in
1611 1421 1675 1480 eod.
1694 1421 1780 1480 m
1798 1423 1836 1480 n·
1854 1429 1887 1483 b
1905 1423 1969 1481 ⁵4⁸.

230 1503 266 1560 et
279 1499 452 1580 protegat.
502 1485 634 1576 Spero,
656 1509 721 1555 nos
734 1484 877 1577 Lipsiae
892 1485 1131 1556 collocuturos
1146 1507 1231 1556 esse.

229 1589 328 1661 Beue
343 1603 378 1660 ct
390 1587 541 1659 feliciter
554 1587 678 1657 valete.
730 1585 798 1658 Die
815 1589 851 1663 9.
865 1583 958 1678 Aug.
1283 1589 1314 1666 Ι
1317 1593 1459 1668 acobo
1495 1589 1759 1692 Bordirtgo,
1794 1592 1935 1668 doctori
1951 1600 2048 1671 ortes
2065 1593 2227 1671 Medicinae
2265 1547 2266 1552 i

886 1725 889 1732 ·
980 1695 1180 1793 Philippus.
1437 1695 1477 1768 iu
1493 1695 1635 1792 inclyta
1645 1693 2119 1778 AcademioRostoclsioua.

1284 1830 1334 1918 S·
1359 1848 1404 1922 D.
1444 1845 1586 1920 Clariss.
1605 1863 1640 1919 et
1652 1849 1854 1920 doctissime
1868 1851 1924 1920 vir
1937 1863 1972 1922 et
1984 1845 2073 1922 mihi
2088 1851 2230 1922 carissime.

1284 1949 1437 2021 Dulcius
1451 1946 1545 2020 mihi
1555 1945 1648 2020 nihil
1661 1951 1784 2022 fuisset
1798 1947 1866 2022 hoc
1877 1967 2066 2046 conspectu
2078 1967 2112 2023 et
2123 1967 2173 2022 tuo
2184 1951 2230 2019 col·

228 2067 296 2140 No,
312 2063 427 2139 4771,
1060 2080 1117 2140 12,
1131 2069 1215 2152 Aug,
1283 2050 1427 2146 loquio,
1460 2053 1491 2122 si
1513 2053 1602 2124 istuc
1617 2053 1739 2122 venire
1761 2053 1926 2127 licuisset.
1974 2053 2055 2126 Scis
2073 2055 2174 2138 enim,
2196 2073 2232 2119 us

236 2161 409 2194 *Ν
1052 2159 1224 2190 “⁶'‘
1283 2153 1450 2224 delectari
1472 2155 1535 2224 illo
1551 2157 1662 2224 veteri
1685 2177 1804 2244 versu:
1837 2156 1888 2236 sle
1904 2153 2040 2250 ὄμματ’
2062 2153 2162 2228 εὔνου
2180 2175 2232 2246 qo

436 2245 644 2334 Hediom'
669 2257 716 2331 et
745 2245 1027 2334 Mardacht'o.
1282 2247 1346 2336 τὸς
1363 2252 1561 2350 εὶςβλέπειν
1574 2251 1705 2352 γλυκύ.
1756 2253 1826 2328 Sed
1844 2257 1882 2325 iu
1899 2251 1965 2327 hac
1984 2259 2122 2350 publica
2140 2251 2234 2324 solliei-

296 2421 376 2476 Edita
402 2420 431 2473 ta
454 2418 499 2472 Io.
524 2417 612 2474 Fam
639 2417 724 2476 Hm
757 2419 817 2476 “d
849 2437 905 2476 m
923 2417 1000 2478 m
1069 2419 1221 2488 “dem
1283 2357 1409 2426 tudine
1424 2357 1489 2426 diu
1504 2352 1588 2426 hinc
1603 2357 1723 2426 abesse
1743 2381 1819 2426 non
1836 2357 1962 2439 velim,
1989 2383 2071 2430 cum
2094 2353 2232 2427 inviciuia

333 2489 488 2558 mum),
725 2455 734 2476 ¹
819 2457 827 2476 '
1023 2437 1095 2491 t’··
1221 2459 1230 2477 ’
1283 2453 1808 2538 sitexercilusducisHeurici,
1829 2459 1982 2530 etmulti
1999 2462 2109 2530 mtrlta
2123 2456 2234 2528 molian-

1282 2571 1351 2632 tur.
1405 2558 1589 2648 vagantur
1613 2584 1677 2651 per
1701 2583 1812 2650 genus
1839 2555 2038 2632 humanum
2066 2559 2235 2632 calamitates

228 2637 454 2716 Reverendis
471 2637 577 2728 viris,
603 2637 806 2710 eruditione
829 2649 861 2708 et
884 2637 1013 2710 virtute
1032 2653 1231 2738 praestan·
1282 2685 1356 2730 ΠΜ
1373 2673 1511 2732 mmm
1531 2675 1675 2752 propter
1690 2685 1747 2731 02,
1763 2685 1904 2752 causas,
1927 2663 1972 2732 de
1988 2665 2119 2755 quibu,
2137 2661 2170 2730 pn
2182 2654 2236 2750 phi.

228 2743 346 2828 tibm,
372 2740 428 2816 D·
457 2737 617 2811 Dodo!i
643 2734 707 2812 Ca
717 2766 858 2838 31)(Πο
883 2739 1090 2812 Hediffltl'
1120 2754 1152 2814 0!
1174 2741 1230 2820 D·
1281 2758 1443 2853 losophia
1474 2763 1707 2848 disserimus,
1729 2765 1790 2832 sed
1820 2765 1938 2834 verius
1969 2779 2115 2857 propter
2141 2761 2235 2830 mutos

168 2845 174 2856 ¹
229 2840 443 2921 manni
465 2837 768 2928 Ma'l'hmhiffi
795 2839 1003 2914 E⁶⁶1⁶5¹⁰⁰m
1023 2841 1231 2942 AWW·
1282 2859 1470 2934 hominnm
1493 2865 1642 2938 furores.
1693 2859 1772 2934 Oro
1795 2879 1913 2936 autem
1934 2866 2052 2936 lilium
2072 2863 2153 2944 Dei,
2174 2871 2237 2930 etul

278 2955 412 3016 mmm
440 2937 604 3042 fidium
628 2939 859 3032 d⁰⁶⁶¹⁸¹ibu⁸2
891 2943 1178 3019 ⁰¹²²i0130071‘55·
1282 2982 1415 3036 mentes
1432 2966 1627 3036 multorum
1644 2978 1761 3047 sanet,
1787 2975 1823 3036 el
1837 2965 1945 3036 leniat
1958 2963 2138 3038 Ecclesiae
2151 2977 2178 3034 ct
2192 2959 2237 3052 pil

675 3061 713 3136 S·
737 3061 783 3134 D·
1280 3067 1444 3147 familiis,
1485 3069 1600 3161 qualis
1626 3080 1661 3137 et
1686 3081 1746 3138 tua
1773 3081 1842 3152 est,
1874 3069 2038 3159 publicas
2065 3082 2099 3140 et
2124 3067 2237 3159 privatas

229 3187 439 3272 Reversus
456 3195 525 3266 vm
540 3209 575 3266 a
590 3190 918 3272 asserebamus.
967 3195 1036 3270 ms
1057 3200 1228 3272 sarneio
1281 3193 1423 3261 coenas·
1474 3167 1585 3239 Mitto
1609 3168 1784 3252 earmina,
1815 3191 1906 3262 quae
1928 3182 1968 3242 us
1996 3163 2239 3242 maironnus

152 3351 155 3358 .
229 3296 347 3373 adhuc
369 3297 487 3370 studia
511 3297 692 3368 doctrinae
714 3300 939 3372 mediocriter
961 3303 1001 3370 iu
1023 3297 1080 3372 his
1100 3303 1229 3373 vicinis
1279 3295 1354 3345 0‘0·
1404 3268 1448 3345 Β·
1467 3269 1511 3340 V·
1562 3266 1607 3344 D·
1625 3263 1791 3340 ΑΓΜΜΟ
1805 3270 1953 3340 ‘alutem
1971 3285 2072 3365 ⁰Pi0·

227 3401 431 3474 Academiis
454 3400 602 3484 florent,
634 3413 669 3470 et
693 3399 732 3468 in
759 3397 928 3472 Ecclesiis
953 3427 1022 3472 vor
1044 3405 1227 3475 doctrinae

228 3517 281 3574 est
303 3503 443 3587 eadem,
468 3525 558 3595 quae
582 3501 651 3572 fuit
671 3515 754 3572 ante
776 3503 923 3574 bellum.
972 3499 1041 3572 Aa
1062 3501 1226 3600 Illyrica

227 3605 333 3676 nobis
356 3603 503 3673 molesta
526 3615 597 3688 est,
624 3603 682 3674 cui
706 3616 824 3674 tamen
847 3605 919 3674 iarn
937 3610 1160 3698 respondebo
1182 3612 1227 3678 de
1290 3605 1360 3679 No.
1384 3603 1497 3682 4773.
2103 3621 2155 3683 16.
2177 3607 2233 3684 Aug.

231 3721 357 3778 trunco
374 3698 432 3802 ¹³),
456 3716 498 3772 ut
522 3704 597 3794 ipse
621 3703 795 3778 nominat.
850 3706 933 3776 Dux
954 3704 1227 3780 Brunsvicensis
1284 3702 1498 3744 *Ν
2102 3695 2236 3730 '⁸

230 3803 415 3876 Henricus
439 3803 544 3874 etiam
564 3827 660 3873 nuuc
679 3819 790 3875 castra
812 3808 895 3876 urbi
910 3801 1147 3904 Brunsvigae
1162 3814 1227 3881 ad·
1512 3793 1616 3910 Cyr.
1646 3793 2046 3916 Spanyenberyio.

229 3907 363 3992 movit,
387 3919 421 3976 et
435 3906 526 3976 lacta
542 3918 626 3974 sunt
638 3906 777 3999 aliquot
790 3931 897 3997 parva
914 3912 1066 4000 praelia,
1092 3913 1130 3982 in
1145 3914 1226 4006 qui·
1380 3965 1479 4020 Μ.
1497 3969 1513 4022 f
1659 3970 1713 4024 m

228 4013 299 4082 bus
330 4007 498 4100 utrinque
532 4006 643 4099 aliqui
682 4007 858 4078 interfecti
890 4023 986 4084 sunl.
1046 4009 1225 4084 Iacobum
1469 3985 1598 4040 ΗΜ
1617 3987 1646 4041 ⁹⁸
1726 3987 1766 4041 sq.

229 4105 466 4194 Glorcerum,
514 4107 627 4177 civem
665 4122 822 4178 vestrum
862 4111 965 4180 vobis
1006 4120 1226 4188 commendo.
1283 4113 1506 4191 Venerando
1522 4121 1616 4210 viro,
1642 4119 1845 4196 eruditione
1858 4131 1890 4194 el
1909 4123 2044 4198 virtute
2063 4113 2242 4224 praestrui

229 4211 415 4288 Praeclare
432 4223 548 4282 autem
568 4209 727 4280 eruditus
742 4225 793 4280 est
809 4223 843 4280 et
864 4211 903 4280 in
917 4207 1169 4310 Philosophia,
1193 4231 1227 4290 et
1303 4215 1358 4295 D.
1376 4213 1578 4318 Cyrioco
1598 4219 2012 4324 Spaugehcrgio*)‚
2040 4229 2227 4302 amicosne,

230 4318 271 4387 iu
289 4313 450 4385 doctrina
467 4309 660 4397 Ecclesiae,
686 4326 720 4382 et
734 4336 850 4384 mores
864 4327 948 4385 sunt
965 4321 1227 4391 modestissimi.

230 4407 497 4512 Sigismundus
511 4407 767 4506 Kinsiugerus
788 4415 859 4482 iam
876 4417 915 4484 in
930 4411 1080 4489 Salluis
1101 4423 1141 4491 in
1161 4417 1229 4491 hae

229 4519 381 4598 vicinia,
405 4517 444 4584 in
466 4510 586 4586 schole
610 4509 716 4584 habet
736 4511 924 4589 honestum
949 4519 1081 4598 locum.
1129 4521 1228 4592 Bene

231 4635 267 4694 ct
281 4620 432 4694 lelieitcr
444 4618 571 4706 solete.
621 4609 690 4684 Die
707 4619 764 4690 12.
780 4615 954 4708 Augusti.-

1279 4333 1327 4443 Β.
1352 4367 1398 4443 D.
1448 4368 1702 4443 Reverendum
1728 4373 1864 4459 virum,
1897 4375 2121 4459 eruditione,
2147 4373 2241 4464 pietate

1280 4487 1314 4542 et
1330 4473 1497 4542 omnibus
1513 4473 1705 4543 virtutibus
1728 4487 1978 4564 praestantem,
2005 4495 2145 4569 patrem
2161 4487 2241 4543 tuum,

1281 4573 1467 4642 dominum
1499 4569 1679 4642 Ioannem
1704 4571 2040 4670 Spargebergium,
2074 4591 2109 4648 et
2135 4585 2241 4668 propter

670 4753 673 4760 Ι
1281 4675 1391 4765 ipsius
1409 4676 1519 4744 multa
1536 4689 1755 4761 ornamenta,
1782 4692 1815 4746 et
1833 4679 1915 4772 quia
1930 4679 2048 4748 fidelis
2068 4693 2104 4750 et
2120 4667 2241 4746 salutarit

331 4759 820 4862 FranciscoDryandro”)
836 4771 985 4842 salutem
1001 4787 1105 4866 opto,
1122 4799 1226 4868 quem
1280 4777 1405 4846 doctor
1425 4776 1511 4861 fuit,
1537 4777 1664 4862 dilexi,
1689 4789 1724 4847 et
1740 4793 1924 4850 veneratus
1944 4801 2048 4848 sum:
2075 4795 2109 4850 et
2125 4771 2241 4848 amicitis

233 4887 379 4972 propter
393 4872 504 4964 ipsius
525 4869 781 4959 integritatem,
808 4873 1032 4962 prudentiam
1053 4889 1087 4948 et
1108 4879 1228 4950 erudi·
1281 4891 1400 4949 nostra
1430 4899 1531 4969 spero
1559 4879 1597 4945 iu
1631 4893 1792 4948 aeternae
1816 4877 1994 4950 Ecclesiae
2022 4873 2242 4952 consuetudin

235 4978 370 5048 tionem
391 4995 466 5042 uon
483 4971 610 5077 dubito
632 4991 694 5039 vos
718 4985 832 5040 vestro
855 4972 987 5044 iudicio
1009 4979 1122 5050 multo
1146 4992 1229 5050 ante
1281 4979 1451 5048 fruemur.
1501 4975 1580 5050 Etsi
1596 4993 1715 5050 autem
1738 4983 2241 5057 muntciusmonomenmet

237 5130 455 5152 .......--
877 5157 881 5164 ,
1282 5080 1489 5152 memoriam
1503 5082 1626 5173 ipsius
1648 5083 1833 5174 posteritas
1857 5083 1896 5152 lu
1913 5077 2074 5154 Ecclesia
2096 5073 2241 5152 retinebit:
2265 5129 2266 5158 ἢ

271 5229 303 5298 *)
323 5223 387 5280 vid.
410 5239 481 5346 quaa
505 5221 621 5278 dicimus
646 5223 682 5279 ad
711 5223 853 5296 epistolam
883 5225 919 5284 ad
943 5225 1094 5298 Georgium
1118 5226 1230 5284 Anhalt.
1288 5265 1499 5284 ----.

305 5295 393 5352 datam
431 5291 552 5351 .2.tu1.
569 5290 595 5350 Ιι.
613 5312 637 5349 a.
1514 5307 1538 5319 ··

271 5377 729 5508 “ipebffonlf'lgliffmmm
746 5379 932 5454 saporosos.
967 5379 1029 5436 Vid-
1044 5399 1087 5456 ep.
1104 5381 1139 5438 atl
1157 5383 1229 5440 tter-
1315 5385 1664 5530 *)p.D2⁶89spm⁸·b“⁸i⁰
1690 5385 1747 5448 vid.
1772 5385 1978 5442 Rauen-arr
1995 5385 2140 5442 lierdhusa
2159 5369 2238 5434 illst*
2265 5351 2266 5426 l
