4730 6202
228 299 326 376 1127
670 304 672 312 '
805 297 1246 380 ltPtsToLAutJtu
1298 302 1409 382 ΗΒ»
1432 299 1518 380 llll.
1573 297 1706 380 l652.
2158 307 2231 382 llll

230 497 305 545 esse
329 487 430 546 vetus
453 473 545 545 illud
566 473 720 556 dictum,
754 477 850 569 quod
871 499 912 546 ex
928 467 974 574 *)'
988 469 1164 572 Aeschylo
1182 473 1233 549 ci·
1283 501 1364 547 cum
1386 499 1463 546 meo
1480 498 1688 566 congruere.
1739 473 1816 548 Scit
1827 475 2050 548 verissimum
2063 499 2142 559 esse,
2162 476 2233 570 quod

232 591 341 650 tatur:
1283 579 1424 672 scripsit
1442 577 1581 669 sapiens
1597 577 1797 650 Historicus
1812 573 2058 672 Thucydides,
2080 569 2238 674 κράτιστον

414 753 422 780 ,
534 755 544 780 ,
656 669 704 773 ᾞ,
721 673 755 738 ‘53
775 673 882 758 poplo
915 753 925 780 ‚
1285 675 1379 754 alnou
1409 679 1449 752 ἐν
1482 672 1791 780 ἀναγκαιοτάτοις
1818 673 2064 754 παιδεύεσθαι
2071 731 2082 766 ,
2119 675 2174 748 hoc
2198 693 2242 764 est,

360 753 500 822 Mam?
524 755 645 842 “l‘l‘l'l
666 781 722 841 ἠς
743 760 893 842 ''wlff“
914 758 982 842 liv·
1286 782 1452 852 discenda
1475 805 1549 852 esse
1569 783 1722 852 maxime
1739 781 1945 854 necessaria.
1998 781 2046 852 Ut
2061 781 2097 852 in
2114 795 2175 850 tota
2190 781 2244 850 rita

235 901 387 992 Propter
403 899 489 970 tal'es
504 920 666 969 censores
680 923 755 969 non
772 899 925 969 iudicavi
944 898 1157 968 deserendos
1170 892 1237 966 hos
1288 885 1475 976 praecipua
1489 897 1541 956 est
1553 883 1744 976 sapientia,
1769 884 1963 954 necessaria
1976 861 2101 953 fatlress
2126 883 2166 954 lla
2179 895 2204 952 ⁸¹
2216 882 2244 950 3¹¹

237 1005 397 1084 labores,
435 1003 532 1095 quod
560 1001 803 1072 existimabam
829 999 1046 1072 discentibus
1071 995 1238 1070 honestas
1287 986 1414 1056 studiis
1449 985 1562 1076 prima
1594 985 1641 1056 sit
1667 1006 1769 1068 cura,
1809 1000 1850 1056 nt
1875 987 2067 1056 necessaria
2092 986 2246 1056 discantur.

237 1119 329 1176 artes
343 1104 516 1196 prodesse.
1289 1085 1340 1158 Ac
1363 1109 1443 1156 vere
1468 1086 1587 1172 statuit
1607 1099 1708 1178 pater
1728 1101 1829 1168 tuus,
1869 1088 2097 1158 necessariam
2118 1109 2180 1156 csse
2198 1079 2248 1154 ho·

1287 1186 1377 1258 mini
1397 1188 1637 1277 cognitionem
1659 1188 1860 1274 doctrinae,
1893 1213 1999 1282 quam
2022 1187 2115 1260 Deus
2133 1188 2247 1256 illustri·

1289 1291 1355 1360 bus
1369 1289 1578 1360 testimoniis
1592 1285 1769 1376 Ecclesiae
1785 1290 1951 1361 tradidit:
1973 1303 2008 1359 et
2024 1293 2065 1360 ad
2082 1285 2165 1360 hanc
2178 1287 2250 1357 iudi·

1289 1405 1342 1461 cat
1360 1387 1423 1460 has
1440 1389 1693 1482 descriptiones
1703 1391 1940 1482 potentiarum
1952 1392 2091 1462 animae
2101 1413 2251 1482 praepara-

1290 1493 1422 1564 tionem
1437 1493 1617 1586 quandam
1633 1515 1717 1564 esse.
1766 1488 1882 1564 Affert
1894 1489 1981 1562 haec
1994 1493 2151 1564 doctrina
2163 1491 2251 1560 lucen

1290 1609 1323 1666 et
1343 1593 1499 1684 legibus,
1530 1593 1663 1688 quibus
1685 1618 1801 1664 mores
1821 1588 2010 1664 hominum
2032 1595 2170 1686 regendi
2182 1605 2252 1664 sunt.

1290 1691 1458 1766 Ostendit
1476 1695 1590 1780 enirn,
1616 1719 1706 1787 quae
1722 1707 1838 1788 partes
1854 1699 2033 1790 quomodo
2052 1695 2177 1766 frenari
2192 1717 2253 1786 pos-

1290 1798 1370 1870 sint.
1421 1795 1504 1866 Non
1525 1811 1607 1867 sunt
1629 1793 1739 1886 igitur
1761 1791 1849 1867 haec
1871 1797 1912 1866 in
1930 1797 2004 1867 vita
2028 1813 2090 1870 aut
2115 1795 2253 1868 doctrinis

1289 1891 1476 1996 πάρεργα,
1511 1891 1603 1970 ἀλλὰ
1625 1891 1697 1994 πρὸ
1715 1895 1827 1998 ἔργου
1842 1894 1907 1971 καὶ
1925 1895 1996 1992 πρὸ
2012 1893 2106 1972 ὁδοῦ
2120 1901 2160 1968 ad
2175 1898 2255 1968 intel-

1290 2002 1466 2090 ligendam
1489 1995 1667 2070 Ecclesiae
1691 2001 1907 2084 doctrinam,
1941 2015 1976 2070 et
1999 2003 2044 2070 ad
2063 2001 2255 2092 disciplinam

1290 2127 1328 2173 ac
1347 2126 1488 2172 morum
1508 2101 1815 2192 gubernationem.
1864 2101 1987 2172 Disres
2000 2103 2130 2194 igitur,
2154 2101 2256 2170 Hiero-

1290 2228 1413 2297 nymc,
1439 2207 1482 2272 de
1504 2203 1637 2274 iudicio
1660 2205 1771 2294 patris
1790 2204 1862 2290 tui,
1886 2203 1954 2273 viri
1971 2206 2142 2295 sapientis
2156 2215 2256 2274 esem

1291 2306 1374 2389 diti,
1408 2305 1495 2376 tales
1516 2305 1651 2400 aliquas
1674 2305 1926 2396 descriptiones
1945 2307 2102 2398 partium
2121 2299 2256 2374 bominis

340 1235 390 1310 Ut
411 1253 527 1309 autem
549 1239 593 1308 de
615 1233 684 1308 hoc
705 1239 828 1308 libello
852 1239 988 1323 dicam,
1015 1236 1175 1308 existimo
1193 1237 1237 1304 ad

239 1337 512 1413 Academiarum
546 1341 839 1410 consuetudinem
878 1354 970 1410 recte
1012 1339 1238 1410 constitutam

240 1467 314 1514 csse
336 1443 486 1512 formam
506 1436 613 1510 huius
629 1442 745 1532 operis
763 1455 796 1511 et
814 1441 981 1536 pleraque
999 1455 1091 1512 recte
1111 1439 1237 1509 tradita

242 1567 315 1614 esse
347 1566 422 1612 non
453 1543 590 1616 dubito.
651 1541 789 1614 intexui
820 1559 937 1614 autem
971 1545 1015 1612 de
1042 1540 1240 1635 praecipuis

240 1645 412 1716 membris
425 1639 572 1714 humani
588 1645 746 1738 corporis
761 1644 1012 1738 descriptiones
1029 1644 1241 1738 qualescun-

242 1771 323 1840 que.
373 1743 464 1816 Nam
485 1745 637 1842 discerni
659 1747 836 1839 potentiae
857 1747 995 1816 animae
1011 1770 1085 1814 non
1098 1756 1241 1836 possent

242 1849 398 1942 quidem,
422 1847 490 1916 nisi
504 1871 625 1918 earum
639 1847 818 1918 domicilia
834 1873 895 1918 seu
908 1841 1092 1918 machinae
1107 1847 1145 1914 in
1161 1869 1241 1915 cor-

241 1973 329 2044 pore
353 1943 509 2018 hominis
532 1951 650 2042 aliquo
674 1953 781 2018 modo
802 1952 1046 2020 ostendantur.
1098 1945 1240 2037 Quanta

242 2065 295 2122 est
316 2051 412 2120 enirn
436 2051 634 2132 insulsitas,
669 2053 697 2122 si
721 2053 801 2146 quis
822 2053 916 2122 dicat
937 2055 980 2122 de
1002 2064 1102 2120 motu
1123 2047 1240 2128 locali,

242 2177 308 2222 nec
323 2153 498 2223 discernat
514 2177 674 2224 nervosa
694 2155 793 2222 venis
810 2167 843 2223 et
865 2153 1026 2224 arteriis?
1076 2149 1241 2244 Denique

242 2279 323 2324 cum
347 2255 386 2321 in
410 2267 481 2324 tota
506 2255 577 2323 vita
602 2256 647 2324 ad
670 2255 909 2325 valetudinem
931 2257 1118 2336 tuendam,
1146 2253 1237 2322 etad

243 2356 374 2424 multas
395 2357 552 2427 actiones
576 2357 613 2425 in
637 2382 783 2448 corpore
801 2373 835 2429 et
849 2359 886 2426 in
902 2357 1060 2426 moribus
1076 2355 1239 2425 iudican—
1300 2404 1321 2476 g
1535 2407 1546 2474 l
1597 2405 1606 2424 .
1649 2399 1686 2474 h.
1811 2409 1835 2426 ..
2019 2409 2027 2424 .
2109 2407 2119 2426 .
2236 2401 2243 2419 .

244 2459 307 2526 das
329 2455 415 2526 utile
440 2457 504 2542 sit,
525 2451 686 2528 'humani
709 2459 867 2550 corporis
886 2457 1155 2528 fabricationem
1172 2455 1239 2524 ali-'
1290 2432 1442 2525 ‘⁶.¹¹⁰.¹¹
1465 2429 1571 2525 m⁰f⁰
1595 2429 1634 2474 ¹¹¹
1677 2429 1706 2474 ¹⁵
1726 2409 1874 2526 ἥρω’
1901 2409 1961 2476 ⁵ed
1981 2419 2257 2524 ‘mmmlelelu

1291 2509 1489 2578 actionibus
1516 2521 1653 2578 1ntuere
1679 2521 1789 2599 patras
1814 2509 1984 2600 exempla.
2051 2507 2102 2580 Ut
2127 2530 2210 2578 enun
2230 2528 2257 2572 ιο

243 2583 315 2652 ‘¹¹¹⁰
338 2559 445 2627 ”¹⁰⁶⁰
467 2581 584 2629 mm:
612 2553 697 2628 hm
717 2574 953 2632 ”numum
972 2569 1239 2651 pnmmemn'
1291 2606 1503 2680 mechanicis
1521 2611 1657 2679 artibus
1682 2634 1787 2678 nemo
1809 2612 1849 2680 iit
1864 2612 2008 2696 artilex,
2041 2611 2114 2680 nisi
2129 2607 2258 2698 exempla

243 2673 449 2752 praemium
477 2685 516 2728 ἠ
539 2655 595 2730 ¹¹¹⁸
618 2656 778 2755 Phyma
802 2663 984 2731 ‘lemnus
1007 2659 1237 2752 pr⁰p⁰nend³
1288 2712 1341 2782 sui
1367 2711 1503 2802 generis
1526 2712 1664 2780 assidue
1685 2712 1875 2803 aspiciens,
1900 2709 2035 2782 imitari
2058 2737 2099 2782 ea
2124 2723 2258 2782 conetur:

1290 2814 1337 2884 ita
1364 2813 1609 2884 informando
1635 2812 1766 2882 iudicio
1788 2817 1832 2884 de
1854 2814 2043 2898 doctrinis,
2079 2827 2113 2884 et
2135 2815 2171 2882 in
2190 2811 2260 2879 ritae

1288 2917 1459 3006 regendae
1474 2915 1631 2984 consiliis
1646 2915 1793 2984 omnino
1809 2917 1961 2986 multum
1976 2917 2134 3008 prodest,
2158 2913 2261 3002 eligere

1288 3031 1381 3087 certa
1403 3031 1437 3088 et
1460 3017 1606 3108 probata
1629 3017 1808 3109 exempla,
1837 3041 1928 3110 quae
1951 3018 2053 3110 sequi
2071 3031 2106 3088 et
2124 3018 2261 3103 effingere

1289 3119 1387 3193 velis.
1439 3117 1525 3188 Tibi
1548 3143 1631 3188 vero
1645 3111 1743 3188 Deus
1766 3119 1955 3188 domestica
1975 3120 2154 3211 exempla,
2177 3117 2262 3205 dign

1289 3221 1410 3304 laude,
1445 3221 1647 3312 proposuit,
1679 3231 1814 3310 patrem
1845 3234 1881 3290 et
1912 3234 2100 3312 patruum,
2135 3237 2263 3312 quorun

1289 3322 1354 3392 tibi
1379 3322 1564 3413 praecipue
1582 3321 1779 3392 similitudo
1797 3323 1988 3414 expetenda
2008 3335 2074 3396 est.
2126 3317 2200 3392 Oro
2214 3340 2262 3387 au·

1288 3438 1358 3494 tem
1381 3419 1513 3494 Filium
1535 3419 1845 3508 Dei,'Dosninum
1866 3437 2027 3494 nostrum
2049 3423 2167 3496 lesum
2178 3415 2263 3492 Chri·

1287 3539 1401 3610 stum,
1434 3525 1637 3594 crucifixum
1660 3549 1726 3616 pro
1748 3523 1853 3594 nobis
1874 3539 1909 3596 et
1929 3527 2193 3608 resuscitatum,
2216 3516 2264 3614 qui

1288 3651 1368 3696 vere
1392 3638 1442 3694 est
1468 3639 1585 3696 custos
1599 3623 1776 3696 Ecclesiae
1792 3649 1876 3696 suae
1893 3640 1927 3697 et
1942 3626 2047 3699 dixit:
2081 3619 2200 3700 Nemo
2215 3645 2262 3690 ru·

1284 3726 1357 3824 piet
1379 3747 1647 3798 avesnienses:
1667 3725 1842 3798 manibus
1862 3725 1971 3810 meis,
2004 3742 2046 3800 ut
2068 3742 2103 3802 te
2128 3738 2263 3798 ettotam

1286 3827 1479 3899 Ecclesiam
1504 3844 1654 3900 vestram
1677 3830 1905 3900 domesticam
1925 3843 2088 3920 protegat
2106 3845 2141 3902 ct
2155 3827 2263 3918 guber·

245 2785 336 2845 esse,
372 2761 477 2830 etiam
506 2763 567 2831 alii
596 2761 783 2854 scriptores
802 2778 882 2832 ante
904 2785 960 2832 me
982 2763 1237 2832 iudicaverunt.

243 2859 325 2932 Etsi
346 2863 455 2952 igitur
469 2865 629 2933 doctrina
647 2859 855 2937 Anatomica
875 2865 911 2933 in
929 2859 986 2932 his
1002 2863 1132 2933 libellis
1146 2863 1236 2932 inte·

243 2987 305 3054 gra
326 2961 578 3058 comprehendi
605 2989 677 3035 non
700 2979 834 3060 potest,
877 2991 941 3036 nec
969 2963 1087 3036 subito
1116 2965 1239 3034 adole-

243 3065 375 3134 scentia
424 3066 692 3136 enilissimarum
741 3069 894 3160 partium
938 3063 1238 3159 descriptionibus

242 3168 421 3236 oneranda
440 3181 507 3237 est:
534 3182 653 3238 tamen
665 3171 870 3261 praecipuas
885 3184 1019 3262 partes,
1045 3169 1236 3262 etquidem

242 3269 467 3358 grandiores,
497 3271 664 3342 omnibus
686 3265 892 3341 hominibus
917 3263 1019 3340 notas
1041 3293 1113 3340 esse
1135 3271 1238 3339 valde

241 3371 396 3460 prodest.
451 3371 600 3444 Secutus
623 3397 700 3442 sum
722 3387 838 3444 autern
863 3372 1050 3464 scriptores
1074 3372 1237 3464 optimos,

242 3461 448 3556 Galateam,
485 3469 530 3545 V
524 3471 680 3544 esals'um
707 3489 741 3545 et
761 3469 1000 3544 Leonardum
1021 3464 1238 3558 Fuchsium,

242 3583 278 3642 et
301 3567 451 3642 adhibui
473 3576 604 3644 amicos
623 3577 801 3646 interdum
820 3571 998 3644 Iacobum
1012 3565 1236 3644 Miliclse'um

243 3686 277 3743 et
292 3663 507 3760 Paucorum,
532 3699 699 3766 generum
721 3701 852 3751 meum.
903 3677 973 3748 Sed
993 3679 1075 3772 quia
1093 3701 1157 3746 nec
1177 3701 1236 3746 va-

242 3799 309 3844 cuo
332 3777 451 3846 animo
468 3773 551 3847 huic
568 3779 633 3848 uni
648 3779 746 3869 operi
765 3779 922 3848 intentus
938 3779 1011 3864 sui,
1036 3795 1071 3852 et
1082 3773 1237 3872 peregri-

241 3876 405 3946 nationes
428 3891 570 3948 nostrae
592 3903 693 3972 saepe
715 3874 807 3950 hanc
829 3881 955 3967 telam,
987 3906 1093 3974 quam
1116 3894 1237 3950 conte·
1333 3945 1344 4002 ι
1406 3929 1438 4000 Β
1570 3931 1583 4000 l
1667 3929 1799 4002 ΨΜ)
1945 3927 2010 4002 ω
2059 3931 2147 4004 dN
2237 3925 2263 3996 h

241 4001 321 4046 xere
344 3978 534 4066 malebam,
572 3981 857 4072 interruperunt,
888 3983 1019 4052 alicubi
1043 3981 1238 4052 desiderari
1286 3955 1383 4103 Ἆρ’.
1403 3955 1503 4104 169ἒὲ
1526 3956 1567 4000 v³
1585 3955 1615 4006 θ’
1728 3956 1739 4000 ¹
1801 3953 1920 4022 “3⁸⁸²
2012 3955 2097 4008 ω’
2147 3951 2237 4002 mm

139 4125 142 4132 ,
242 4078 423 4168 diligentia
445 4081 587 4172 poterit.
637 4078 716 4152 Oro
738 4084 848 4174 igitur
870 4107 949 4168 eos,
972 4083 1034 4177 qui
1056 4079 1236 4154 aliishaec
1320 4057 1385 4102 ¹¹⁰¹
1503 4083 1513 4104 ⁹

241 4179 345 4250 initia
379 4185 612 4269 enarrabunt,
648 4197 690 4254 ut
720 4198 833 4256 errata
860 4185 1010 4254 candide
1036 4187 1236 4267 emendent,

154 4335 158 4346 .
226 4283 443 4370 praesertim
469 4309 549 4354 curn
572 4299 690 4356 extent
713 4286 784 4355 iarn
810 4286 968 4378 picturae
996 4283 1161 4370 Vesalis',
1201 4299 1236 4357 et

238 4383 438 4556 pucrssp'ntae
452 4385 720 4480 descriptiones,
746 4391 790 4488 de
805 4388 934 4484 quibus
947 4387 996 4460 sic
1012 4387 1235 4480 inquitl‘au-
1283 4399 1348 4470 No.
1365 4395 1479 4468 5257.
1995 4381 1997 4384 ⁵
2156 4401 2260 4476 pltea.

255 4507 294 4552 us
368 4510 463 4556 erus:
1295 4494 1466 4523 Μ

293 4623 451 4704 Quantum
467 4611 556 4692 noole
573 4636 644 4696 elias
658 4638 772 4710 stellas,
801 4655 870 4696 oum
887 4637 1002 4694 lumine
1016 4631 1115 4693 fratris
1659 4601 1712 4692 P.
1737 4602 1901 4689 Ebero-

294 4827 323 4888 V
344 4728 459 4852 O‘km
476 4738 658 4856 ⁰⁰mPl⁹Jitj
686 4739 803 4856 ''inm‘'
818 4731 907 4856 ΒΨ
924 4739 1019 4797 '⁰¹⁰1‘
1351 4781 1374 4852 †
1391 4781 1427 4836 ils
1441 4797 1540 4852 apogrs
1561 4777 1597 4834 ho
1614 4780 1643 4834 iss
1659 4779 1720 4835 nod.
1733 4779 1877 4854 Noriberg.
1890 4799 1921 4836 u
1936 4777 2108 4852 autographo
2119 4775 2208 4844 iactr,
2223 4774 2262 4830 ds·

320 4829 404 4892 esulu
418 4846 535 4896 tentum
548 4839 670 4919 reliquis
685 4841 761 4898 hbes
777 4851 869 4898 anteat
882 4859 970 4914 senus,
1382 4849 1509 4922 scriptas
1524 4797 1596 4906 Cler.
1610 4849 1757 4908 Rannero.

343 4931 478 5015 Corpora
493 4959 547 5018 qur
562 4958 620 5020 que
636 4943 694 4999 sint
711 4939 831 5000 condite
848 4941 883 4998 sb
901 4951 980 5016 arte,
1005 4937 1123 4998 dorent.

1281 4995 1505 5077 Clarnstmo
1527 5005 1625 5093 viro,
1651 5002 1852 5078 eruditione
1874 5015 1907 5076 ee
1928 5003 2057 5076 virtute
2066 4995 2262 5104 praestanti

1388 5101 1542 5180 Paulo
1564 5103 1606 5178 E
1612 5107 1735 5192 bero,
1752 5107 1880 5209 srutri
1891 5131 1959 5178 suo
1973 5105 2169 5178 carissimu

239 5053 464 5151 Quamquam
484 5077 600 5133 autern
616 5065 724 5156 patris
740 5065 811 5144 tui,
834 5060 1073 5158 Hs'eronyme,
1097 5062 1230 5133 indicio

236 5162 425 5248 permitto,
458 5185 504 5233 an
527 5159 623 5234 hane
645 5189 763 5237 meum
788 5165 940 5250 librum,
972 5181 1033 5236 aut
1056 5165 1144 5234 alios
1164 5165 1231 5234 tibi
1269 5201 1274 5212 =
1307 5213 1309 5218 -
1775 5228 1777 5241 .

235 5265 390 5352 proponi
413 5263 512 5336 velit:
545 5279 662 5336 tamen
679 5268 773 5338 dere
790 5267 949 5358 ipsascio
965 5267 1137 5339 iudicium
1156 5265 1231 5337 eius
1280 5240 1328 5329 S.
1360 5257 1408 5329 D.
1466 5254 1657 5330 Carissimo
1689 5257 1809 5330 irater.
1874 5253 2016 5329 Novisti
2045 5267 2080 5328 et
2117 5248 2257 5326 scholam

236 5417 460 5435 .............
1277 5353 1524 5458 Neudorseri,
1552 5374 1587 5432 et
1607 5360 1718 5452 ipsius
1731 5373 1898 5432 naturam
1911 5381 1986 5428 nou
1999 5358 2108 5428 modo
2123 5343 2253 5450 ἠθικήνι

267 5479 538 5552 pertemptas.
1279 5463 1338 5534 sed
1372 5463 1477 5536 etiarn
1502 5486 1604 5532 verae
1626 5461 1770 5560 pietatis
1792 5460 1912 5532 studio
1938 5460 2163 5550 flagrantem,
2193 5450 2254 5548 (1¹15,
