4586 6224
1831 192 1848 228 Ι

31 307 90 386 aa
347 408 352 420 ⁸
579 301 1022 390 serarananuu
1072 299 1296 384 maana
1349 295 1484 382 soso.
1972 293 2049 372 aaa

29 487 191 564 Noldl9.
605 493 609 502 '
801 489 1003 576 (tt-Man.)
1054 483 1170 556 lucem
1184 483 1293 554 rebus
1307 482 1480 554 adserunt
1519 473 1567 552 Et
1581 501 1645 571 per
1659 500 1732 548 sese
1748 477 1901 550 iucunda
1919 487 1953 548 et
1969 499 2051 548 sua-

39 585 176 618 w»
823 573 985 613 ⁴⁶⁶⁸
1054 588 1106 658 vis
1125 603 1177 657 εει
1190 585 1344 677 aspectio
1360 598 1508 656 naturae
1526 583 1564 652 in
1581 594 1677 654 tanta
1693 603 1812 650 rerum
1828 579 2007 653 varietate.

314 684 427 800 Cpit.
458 687 693 796 Zieglert).
1091 790 1100 806 ο
1156 685 1241 758 Ideo
1263 707 1403 804 semper
1422 686 1582 754 omnium
1605 695 1777 802 aetatum,
1802 681 1962 753 omnium
1982 674 2049 750 ho-

83 863 189 950 Editsuin
204 865 295 948 fronte
309 861 389 948 libris
409 861 536 918 Fabellae
549 865 702 934 Aesopicse
715 865 848 938 quaedam
865 864 999 932 notiores,
1054 813 1211 960 mmsmi’
1235 801 1434 907 ‘aplinuim
1451 801 1485 857 et
1501 785 1625 904 pppuh.
1641 785 1801 902 'immisi
1819 807 1968 901 misum
1982 775 2051 852 ho.

111 945 133 990 ,1
153 954 179 992 ‚g
194 932 295 992 schola
315 941 427 988 mm„
441 963 476 977 ,
493 949 507 985 ,
527 933 623 990 Μ
634 931 810 992 camerario.
837 933 1001 1007 upum
1054 915 1119 961 nos
1147 905 1203 962 ιιιι
1216 889 1358 970 fabulas,
1382 892 1497 972 adest,
1522 885 1735 976 rmagmrbus
1748 885 1821 954 ιΙΙιε
1836 902 1939 978 νιιεε.
1973 881 2051 954 lmo

110 1006 133 1062 8·
1054 1007 1088 1064 et
1104 993 1191 1062 deus
1211 993 1340 1062 multas
1361 1013 1418 1060 res
1436 990 1605 1062 nausimus
1621 987 1754 1060 talibus
1774 986 1923 1080 pictpris
1938 985 2051 1077 signi·

35 1131 493 1244 PhilippusMelancirtdmi
509 1127 1002 1240 ChristoplroroCzig-
1054 1095 1181 1166 Μὴ·
1238 1093 1337 1182 Quid
1366 1093 1517 1162 ⁵imi¹i¹¹⁸
1542 1103 1593 1162 ⁰³²
1621 1089 1791 1182 *⁰¹⁰30’
1822 1112 1928 1182 ΨΜ
1950 1088 2050 1182 qumi

37 1247 123 1328 lero,
152 1240 242 1318 Viri
264 1231 485 1312 Clarissimi
507 1235 562 1312 D.
584 1237 806 1313 Bernhardi
827 1235 993 1342 Czigleri
1054 1197 1222 1314 scribunt
1250 1197 1288 1264 in
1319 1193 1469 1274 Genffli’
1504 1215 1650 1264 mmm
1676 1192 1713 1264 in
1740 1189 1878 1264 ‘mum
1903 1213 1945 1260 ⁶¹
1969 1213 2050 1262 Μ

155 1341 331 1416 Doctoris
354 1336 601 1438 Theologiae,
624 1343 722 1445 silio
748 1346 786 1424 s,
802 1347 848 1425 1).
992 1301 1002 1332 ’
1053 1321 1231 1382 ernnsum,
1257 1321 1331 1366 non
1346 1319 1526 1366 reversum
1542 1319 1634 1378 esse,
1655 1294 1856 1364 columbam
1873 1313 2049 1362 reversam

1054 1423 1146 1484 esse,
1172 1413 1286 1470 rostro
1309 1410 1502 1488 gestantem
1525 1421 1661 1466 ramum
1678 1393 1813 1466 olivae?
1865 1391 1962 1483 Quid
1986 1415 2050 1462 ve·

34 1487 119 1572 Sicut
138 1516 238 1586 agros
253 1493 349 1564 varie
372 1493 543 1578 exerceri,
569 1493 705 1584 subigi,
731 1497 885 1584 molliri,
908 1501 1002 1570 etad
1055 1503 1194 1572 nustius
1211 1496 1277 1572 lrac
1298 1501 1433 1592 pictura
1452 1498 1597 1588 cogitari
1621 1496 1758 1588 potasti
1809 1493 1850 1566 ln
1874 1494 2050 1585 guberne·

34 1600 207 1693 aceipienda
231 1595 454 1690 fovendaque
475 1595 609 1704 semina
633 1599 835 1689 praeparari
852 1613 1001 1692 oportet,
1055 1605 1152 1674 tione
1167 1603 1258 1672 vitae
1274 1615 1308 1674 et
1324 1603 1505 1674 doctrinae
1521 1599 1657 1684 studiis,
1682 1599 1837 1670 salutare
1851 1610 1904 1668 est
1919 1609 1954 1668 et
1967 1595 2051 1668 felir

35 1705 69 1774 ita
87 1703 182 1775 rudes
205 1711 241 1772 et
270 1711 408 1770 teneras
436 1711 570 1768 mentes
596 1721 734 1770 necesse
764 1714 816 1774 est
839 1703 1003 1776 doctrina
1054 1705 1271 1776 curriculum
1284 1729 1420 1788 eorum,
1440 1703 1501 1796 qui
1517 1725 1590 1772 non
1605 1704 1774 1772 deserunt
1786 1723 1915 1778 arcam,
1935 1697 1973 1768 id
1985 1707 2053 1782 est,

34 1801 196 1898 multiplici
212 1815 386 1890 etmagna
409 1813 484 1870 arte
500 1799 642 1870 excitari
659 1813 694 1872 et
716 1803 847 1884 excoli,
874 1818 913 1876 ut
929 1806 1005 1876 vir·
1054 1805 1261 1879 Ecclesiam.
1319 1805 1371 1878 lta
1400 1819 1485 1876 sunt
1512 1806 1659 1876 reduces
1682 1801 1887 1884 columbae,
1918 1795 2052 1883 Esses

31 1919 120 1980 tutem
134 1904 330 1993 intelligere
343 1901 518 1994 incipiant
530 1915 565 1971 et
578 1901 654 1972 eius
668 1926 788 1976 amore
806 1910 1004 1978 accendan-
1059 1911 1225 1988 loannes,
1251 1905 1401 1990 Paulus,
1428 1905 1648 1996 Augustinus
1669 1916 1704 1976 et
1718 1903 1897 1996 principes
1913 1901 1985 1992 pii,
2012 1914 2053 1975 nt

22 2025 78 2084 tur
91 2023 120 2080 et
137 2007 414 2078 inflammentur.
466 2001 586 2092 Quare
606 2004 644 2074 in
661 2004 773 2076 literis
789 2029 845 2078 res
861 2001 1003 2080 cardeia
1056 2010 1185 2094 David,
1211 2009 1331 2090 iosias,
1350 2007 1606 2080 Constantinus
1623 2021 1658 2077 et
1671 2007 1733 2076 alii
1748 2005 1904 2099 denique
1915 2025 2053 2086 ornnes,

22 2111 108 2180 sarie
123 2120 382 2202 proponuntur.
408 2103 570 2176 Primum
584 2108 775 2178 traduntur
789 2111 884 2181 nuda
902 2135 1004 2202 prae·
1057 2114 1119 2206 qui
1142 2113 1291 2183 consilia
1317 2135 1380 2182 sua
1403 2111 1562 2182 referunt
1585 2109 1628 2180 ad
1653 2109 1844 2180 iuvandam
1866 2117 1902 2176 et
1919 2124 2052 2176 ornau-

24 2227 127 2304 cepta,
152 2225 193 2284 ut
210 2210 247 2278 in
263 2208 430 2296 decalogo
445 2217 508 2278 aut
522 2207 602 2278 aliis
616 2207 732 2296 legum
750 2211 1004 2292 monumentis,
1057 2223 1137 2286 dam
1164 2209 1320 2284 Ecclesia
1361 2259 1375 2288 .
1424 2209 1473 2282 Et
1507 2225 1629 2282 contra
1664 2209 1784 2294 corvi,
1817 2207 1855 2278 id
1888 2220 1957 2289 est,
1990 2204 2053 2298 qni

30 2315 137 2386 dcirde
154 2307 324 2382 historiae
338 2311 532 2388 adduntur,
560 2309 596 2378 in
612 2310 742 2402 quibus
758 2326 1005 2386 monstrantur
1057 2237 1510 2496 aspernsrsffclesiam,
1534 2313 1726 2406 perniciosi
1741 2325 1775 2382 et
1790 2309 1947 2382 infelices
1960 2321 2055 2392 sont,

33 2427 275 2508 praeceptorum
293 2411 472 2503 exempla,
496 2409 625 2504 placidi
643 2407 1006 2488 exitushonestorum
1057 2413 1222 2490 utArius
1292 2429 1449 2500 etvetus,
1474 2413 1648 2496 Mustela,
1673 2411 1829 2504 episcopi
1844 2409 1997 2502 epicurei
2020 2421 2056 2482 ει

28 2519 260 2600 consiliorum,
285 2525 410 2586 contra
432 2537 515 2584 vero
538 2538 672 2606 poenae
695 2515 869 2588 scelerum
890 2519 1007 2590 tristes
1059 2521 1202 2593 similes.
1250 2515 1334 2590 Erit
1345 2531 1465 2588 autem
1482 2516 1667 2609 explicatio
1684 2514 1877 2596 illustrior,
1902 2513 1934 2582 si
1948 2524 2055 2584 natu-

24 2635 59 2690 et
73 2617 272 2690 horrendae.
323 2613 478 2688 Sumunt
494 2629 529 2688 et
543 2617 669 2708 politae
684 2611 819 2690 heroici
834 2633 869 2690 et
881 2621 1006 2710 tragici
1059 2647 1115 2692 ras
1131 2621 1236 2692 etiam
1251 2615 1380 2695 harum
1394 2620 1580 2690 volucrum
1594 2616 1805 2690 consideres.
1830 2613 1949 2703 Quam
1964 2625 2056 2687 uus

22 2747 63 2792 es
75 2717 223 2792 historiis
239 2730 443 2808 argumenta
463 2741 572 2811 eaque
593 2718 761 2792 omnibns
784 2721 1007 2816 eloquentiae
1061 2724 1234 2815 ingluvies
1257 2737 1309 2794 est
1330 2723 1447 2806 corvi,
1472 2745 1580 2815 quam
1597 2721 1676 2792 dira
1691 2717 1784 2792 vox?
1816 2739 1907 2812 quae
1928 2715 2056 2786 erude-

21 2824 207 2896 luminibus
225 2831 373 2898 ornant,
399 2833 439 2890 nt
460 2843 586 2909 magna
606 2821 643 2890 vi
659 2819 698 2892 in
714 2834 855 2914 pectora
873 2837 908 2896 et
928 2825 1009 2896 ani·
1059 2826 1164 2896 litas?
1195 2823 1291 2898 Haec
1306 2823 1509 2914 congruunt
1524 2825 1568 2894 ad
1585 2845 1701 2894 mores
1722 2843 1866 2902 eorum,
1890 2817 1954 2912 qui
1968 2839 2057 2888 ven·

20 2949 91 2996 mos
112 2927 284 2996 lectorum
308 2935 343 2992 et
362 2935 618 3013 spectatorum,
652 2923 823 3013 imagines
844 2927 1007 2996 omniurn
1060 2929 1123 3000 tris
1141 2949 1242 2998 causa
1260 2928 1455 2996 defendunt
1471 2925 1669 2996 doctrinam
1686 2923 1832 3014 impiam
1847 2935 1881 2991 ει
1897 2929 2058 2990 exercent

18 3027 105 3102 ritae
127 3027 325 3098 officiorum
352 3037 547 3115 penetrent.
616 3021 778 3096 Eandem
807 3027 1008 3100 doctrinam
1060 3029 1241 3102 saevitiam
1266 3029 1304 3098 in
1330 3025 1493 3106 homines
1514 3029 1710 3108 modestos,
1742 3038 1836 3096 recte
1856 3023 2057 3095 sentientes.

18 3129 214 3202 comoediae
237 3127 400 3206 tradunt,
427 3150 516 3218 qnae
538 3126 628 3198 lictis
649 3127 813 3219 personis
830 3153 886 3200 res
908 3153 1009 3202 veras
1061 3132 1186 3204 Simile
1203 3143 1254 3202 est
1269 3130 1420 3222 apologo
1442 3142 1477 3200 ει
1491 3127 1675 3202 Samsonis
1694 3126 1875 3214 aenigma,
1900 3124 1996 3213 quod
2017 3121 2056 3190 irs

18 3233 217 3314 imitantur,
243 3241 278 3300 ει
294 3227 483 3320 pingendis
500 3221 688 3300 hominum
703 3230 861 3302 consiliis
881 3243 915 3304 et
930 3257 1010 3304 mo-
1062 3233 1228 3308 convivio
1251 3231 1472 3325 propositum
1492 3243 1553 3302 est.
1613 3227 1707 3319 Quia
1730 3223 1874 3322 physica
1892 3223 2058 3305 ratioest,

17 3335 131 3420 ribus,
155 3331 244 3428 quid
267 3333 387 3400 deceat
408 3343 440 3400 et
462 3332 548 3424 qnid
566 3331 775 3420 fugiendum
799 3334 863 3416 sit,
890 3347 1012 3406 osten·
1062 3357 1274 3426 curapeses
1289 3335 1446 3419 leonum,
1469 3346 1532 3404 aut
1542 3333 1652 3404 boum
1667 3327 1897 3401 cadaveribus
1909 3345 2059 3394 nascan-

17 3441 114 3510 dunt.
178 3430 327 3506 Accedit
361 3445 394 3502 et
428 3425 672 3525 philosophia,
702 3458 814 3528 quae,
843 3449 885 3508 ut
915 3435 1010 3528 leges
1062 3452 1142 3522 tar,
1168 3438 1259 3508 sicut
1280 3461 1320 3506 ex
1338 3436 1437 3529 equis
1455 3435 1661 3510 crabrones,
1687 3455 1728 3500 ex
1743 3429 1852 3500 asinis
1870 3423 2059 3510 scarabaei,

15 3539 172 3617 muniat,
207 3556 344 3612 canuae
378 3535 590 3606 necessarias
623 3535 663 3606 in
690 3549 817 3610 nutura
843 3539 1011 3615 ostendit.
1063 3535 1529 3628 exhominibnsserpentes.
1557 3531 1624 3606 Est
1637 3546 1754 3602 autem
1769 3528 2060 3614 ineoaenigma-

16 3639 158 3712 Praeter
183 3629 248 3708 has
269 3633 401 3706 formas
425 3637 607 3708 doctrinae
631 3638 772 3710 virtutis
795 3642 935 3735 reliqua
959 3654 1011 3712 εει
1063 3657 1115 3726 tr,
1139 3657 1180 3714 ut
1198 3643 1235 3710 in
1251 3640 1402 3732 apologo
1417 3637 1563 3710 mirifica
1579 3635 1728 3728 pictura·
1775 3628 1948 3705 Exleone
1962 3651 2061 3701 mon

15 3744 171 3836 pictura,
203 3761 293 3834 quae
318 3739 519 3808 ostenditur
542 3739 580 3808 in
602 3739 733 3810 fabulis
754 3763 816 3812 seu
839 3744 1012 3838 apologis,
1063 3761 1126 3822 tno
1160 3745 1315 3814 nascitur
1342 3763 1486 3813 examen
1513 3762 1640 3830 apum,
1679 3737 1718 3806 id
1739 3748 1808 3814 est,
1847 3757 1888 3806 es
1915 3725 2060 3808 Christo

16 3845 73 3916 ubi
99 3857 310 3914 naturarum
335 3839 524 3910 collatione
553 3857 862 3934 repraesentantur
885 3870 1013 3920 mores.
1063 3861 1205 3916 mortuo
1232 3845 1387 3914 nascitur
1401 3837 1557 3912 Ecclesia
1582 3853 1616 3908 et
1637 3839 1737 3908 cibus
1758 3834 1982 3904 dulcissimus
2004 3855 2061 3902 re-

15 3943 181 4042 Tyranni
197 3940 326 4032 efligies
342 3954 394 4012 est
409 3941 533 4036 lupus,
555 3945 706 4014 modesti
728 3945 815 4015 civis
829 3946 922 4028 ovis,
949 3969 1012 4016 ve·
1064 3949 1214 4018 stitnens
1231 3947 1339 4016 uitam
1355 3940 1575 4014 hominibus.
1609 3939 1715 4012 Tales
1728 3949 1812 4008 ειιιιι
1825 3937 1956 4006 multae
1972 3935 2061 4002 ima-

15 4047 180 4122 teratoris
202 4043 399 4135 vulpecula.
458 4041 528 4114 Per
550 4039 614 4115 hae
637 4045 769 4117 formas
795 4071 919 4118 omnes
947 4049 1015 4119 dtr·
1065 4053 1164 4140 gines
1183 4051 1413 4140 apologorum
1431 4045 1563 4115 similes
1579 4045 1616 4113 in
1633 4042 1793 4112 doctrina
1809 4037 1961 4110 coelesti.
1988 4032 2061 4104 Vo-

14 4161 126 4222 reuda
143 4160 230 4220 ειιιιι
245 4146 404 4236 ingenia,
428 4159 463 4216 ει
477 4169 534 4216 res
549 4149 688 4216 eaedem
705 4169 830 4238 magna
847 4151 1016 4222 varietate
1066 4153 1134 4222 luit
1150 4153 1245 4222 enim
1269 4165 1305 4220 et
1326 4151 1413 4220 deus
1434 4149 1507 4240 ipse
1530 4171 1585 4216 res
1600 4147 1739 4215 easdem
1756 4163 1883 4230 magna
1895 4138 2062 4208 varietate

14 4251 250 4322 inculcandae
264 4259 366 4332 sunt,
391 4261 432 4317 ut
445 4247 614 4338 paulatim
631 4250 737 4320 rudes
753 4251 864 4322 animi
881 4253 1016 4322 intelli·
1067 4275 1285 4344 proponere,
1317 4265 1356 4323 ut
1390 4251 1505 4322 studia
1538 4249 1759 4322 accenderet,
1792 4255 1826 4312 et
1856 4259 2062 4310 commone-

14 4377 92 4442 gere
118 4354 291 4423 virtutem
317 4361 350 4419 ει
379 4341 527 4420 honesta
551 4351 643 4420 vitae
671 4353 805 4438 officia,
838 4365 873 4424 et
895 4377 1017 4444 regere
1065 4358 1237 4427 factiones
1252 4351 1461 4424 haberemus
1476 4353 1519 4420 dc
1535 4351 1642 4418 rebus
1655 4341 1819 4413 maximis
1833 4341 2002 4412 illustres.

15 4479 132 4525 mores
168 4427 389 4524 consilio‘et
421 4451 560 4522 ratione
589 4451 708 4547 aliqua
735 4457 884 4530 discant.
943 4456 1017 4530 Nec
1158 4455 1250 4528 Cum
1265 4457 1373 4548 igitur
1386 4454 1474 4523 utile
1489 4451 1535 4520 sit
1550 4445 1716 4518 instillari
1731 4442 1861 4514 animis
1876 4443 1962 4514 tales
1978 4461 2062 4508 nar·

14 4559 165 4648 exiguus
185 4551 244 4625 hic
268 4553 370 4622 labor
392 4567 463 4638 εει,
488 4577 552 4622 nec
570 4554 688 4626 subito
705 4559 882 4628 asartelicri
907 4558 1017 4629 animi
1068 4560 1223 4632 rationes
1250 4559 1433 4646 figuratas,
1464 4565 1504 4622 ιιι
1538 4563 1621 4619 ειιιιι
1655 4540 1788 4643 mythi,
1818 4557 1880 4614 ant
1912 4537 2064 4633 apologi,

14 4672 181 4750 possunt.
232 4653 319 4726 ldeo
333 4674 461 4743 magna
475 4655 642 4728 varietate
657 4661 905 4732 exercitiorum
930 4685 1018 4754 opus
1068 4663 1172 4730 valde
1195 4657 1413 4740 laudandum
1437 4651 1692 4724 estconsilinm
1710 4647 1779 4717 viri
1794 4643 1977 4717 clarissimi
1997 4641 2067 4712 ‹lo-¹

16 4775 71 4834 est.
109 4759 170 4832 Ac
185 4757 329 4829 interim
345 4777 482 4848 semper
495 4757 657 4828 addenda
677 4775 729 4833 est
745 4763 927 4850 doctrina,
949 4789 1019 4859 qua
1070 4763 1181 4834 ctrina
1205 4773 1238 4830 et
1254 4757 1385 4828 virtute
1410 4754 1619 4847 praestantis
1639 4742 1830 4822 Ioaelrimi
1844 4733 2066 4828 cameraris,

16 4883 44 4930 te
60 4863 158 4934 deus
175 4858 358 4954 patefecit,
385 4870 421 4932 et
437 4860 802 4948 commonefaciendae
818 4879 902 4937 sunt
917 4889 1019 4936 rnen-
1071 4865 1133 4958 qui
1149 4875 1185 4932 et
1195 4859 1336 4948 collegit
1350 4881 1392 4928 ex
1408 4859 1553 4950 optimis
1572 4854 1757 4935 amoribus
1780 4849 1868 4920 tales
1887 4847 2065 4918 narratio·

16 4979 78 5044 tes,
107 4959 209 5036 banc
226 4961 406 5054 postulare
420 4958 641 5049 diligentiam
662 4962 700 5030 in
721 4967 887 5054 regendis
908 4967 1020 5040 mori·
1072 4987 1134 5036 nes
1155 4976 1191 5034 et
1213 4985 1270 5034 eas
1297 4984 1423 5054 genere
1445 4959 1619 5030 sermonis
1644 4979 1750 5050 puro,
1783 4949 1898 5025 nitido
1928 4963 1964 5024 et
1983 4969 2067 5018 vere

16 5071 97 5152 ons,
127 5061 231 5136 hunc
248 5062 425 5132 vindicem
448 5059 524 5130 lore
545 5065 784 5136 contumaciae
800 5079 834 5136 et
856 5063 1019 5158 petula'n-
1073 5067 1183 5138 latino
1200 5064 1361 5158 exposuit
1376 5077 1410 5136 et
1423 5061 1562 5134 addidit
1580 5049 1776 5155 epimytlria
1791 5075 1855 5124 seu
1866 5051 2067 5124 fabularum

16 5165 90 5242 iae.
132 5165 209 5238 Sed
229 5163 265 5234 in
283 5177 354 5236 tam
369 5161 476 5232 variis
490 5163 673 5234 doctrinae
688 5163 812 5236 formis
826 5165 1019 5258 plurimum
1074 5167 1391 5258 interpretationes,
1408 5187 1498 5258 quae
1514 5173 1672 5247 monent,
1695 5159 1739 5230 ad
1757 5179 1864 5252 qsram
1880 5155 1972 5226 vitae
1986 5173 2069 5244 par·

17 5271 152 5354 uariae
169 5263 306 5336 habent
321 5263 461 5339 fabulae
479 5288 541 5334 seu
558 5263 710 5358 apologi.
752 5263 843 5340 Nam
862 5271 1022 5342 collatio·
1074 5285 1144 5342 tem
1160 5269 1319 5360 singulae
1340 5265 1657 5358 accommodandae
1673 5259 1756 5332 sint.
1809 5245 1860 5330 lta
1880 5267 2070 5350 etpectora

16 5389 90 5450 res,
131 5391 229 5466 quae
253 5362 524 5438 similitudinem
555 5359 794 5440 humanorum
819 5393 959 5442 morum
984 5373 1022 5442 in
1074 5375 1202 5444 format
1221 5387 1252 5442 et
1276 5367 1460 5439 assuefacit
1481 5365 1637 5458 lingnam
1660 5363 1703 5434 ad
1726 5373 1819 5431 recte
1841 5355 2071 5450 loquendum,

14 5471 269 5543 animantibus
291 5481 351 5538 aut
374 5467 455 5537 aliis
471 5481 620 5542 naturae
638 5473 800 5564 pertibus
819 5475 1023 5557 osundunt,
1076 5497 1168 5572 quae
1180 5477 1252 5546 duo
1266 5483 1475 5544 ornamenta
1490 5483 1574 5542 ειιιιι
1588 5463 1775 5540 huminum
1792 5459 1990 5553 praecipuo.
2022 5497 2024 5502 ·

55 5577 259 5646 Μιιιιτιι.
278 5571 384 5642 Ores.
410 5571 495 5640 Vos..
507 5571 583 5644 Vll.
1466 5571 1515 5643 86
