4624 6216
193 309 271 387 925
769 299 1203 382 EPISTOLARUM
1251 303 1358 380 LlB.
1391 303 1475 381 llll.
1517 301 1654 381 1552.
2136 311 2191 385 ltl

195 503 336 554 morum
357 472 537 552 Ecclesiae
564 479 750 552 doctorum
779 475 907 546 infide
930 479 1023 548 etin
1048 478 1194 550 invoca·
1243 497 1342 548 meus
1364 488 1399 546 et
1419 489 1533 550 mater
1549 479 1627 548 m'ea
1643 475 1866 572 reliquerunt
1878 503 1955 565 me,
1984 473 2138 551 Dominus
2150 506 2195 554 aa·

196 585 296 656 tione
309 583 522 654 intuendum
538 605 623 660 esse,
643 594 685 652 ut
696 601 761 650 nos
775 579 869 672 ipsos
881 603 1004 649 eorum
1019 603 1193 650 consensu
1246 592 1317 650 tem
1330 580 1525 672 adsumpsit
1539 603 1605 652 me.

198 685 458 758 confirmemus.
491 679 661 753 Eiusdem
674 678 861 768 Evangelii
877 680 1066 767 auditores,
1092 695 1195 753 testes
1344 677 1424 749 Hoc
1451 693 1609 774 tempore
1632 692 1667 750 ct
1688 681 1856 772 privatim
1879 681 1971 752 fiunt
1991 683 2119 754 assidue
2136 709 2199 756 roo-

198 803 233 858 ct
249 798 498 880 propagatores
511 799 594 854 sunt
611 781 745 862 Adam,
772 775 975 867 Abraham,
999 779 1115 868 lsaac,
1138 779 1195 852 la·
1246 779 1547 852 iunctissimorum
1565 782 1829 866 distractiones,
1861 795 1898 852 et
1916 784 2055 874 publice
2069 807 2138 856 vera
2150 783 2200 856 Ec-

198 891 286 973 cob,
317 887 413 981 quod
443 909 538 954 nunc
559 883 627 954 Dei
654 883 825 954 beneficio
844 897 947 954 sonat
969 885 1008 953 in
1028 880 1086 954 his
1109 883 1195 974 ipsis
1246 881 1350 952 alesia
1373 883 1480 952 variis
1498 877 1655 954 hostium
1673 884 1862 972 generibus
1876 899 2109 976 oppugnatur;
2131 887 2202 958 Tur·

198 986 385 1070 Ecclesiis,
417 1011 507 1080 quae
528 981 677 1057 Lntheri
699 985 917 1071 doctrinam,
947 1010 1053 1079 quam
1077 986 1115 1055 in
1138 979 1195 1054 his
1247 982 1298 1062 ci,
1324 983 1530 1070 Pontifices,
1554 982 1670 1074 Reges
1691 999 1726 1056 et
1747 983 1930 1076 Principes
1948 984 2146 1058 Pontificum
2163 1012 2204 1060 sa·

199 1087 484 1162 euamtionibus
518 1101 554 1158 et
584 1087 673 1158 alibi
705 1085 893 1179 proponit,
923 1087 1195 1176 amplectuntur.
1247 1083 1393 1169 tellites,
1428 1085 1524 1155 ferro
1550 1099 1585 1154 et
1606 1085 1682 1176 igni
1705 1086 1824 1156 delere
1847 1111 1924 1156 cam
1949 1104 2127 1164 conantur.
2171 1087 2204 1162 Et

199 1191 320 1280 Quare
333 1191 436 1260 valde
453 1191 605 1280 prodest,
630 1184 760 1256 horum
774 1185 917 1257 Petrum
934 1187 1195 1259 invocationem
1246 1179 1376 1255 horum
1390 1189 1586 1257 accendunt
1600 1185 1820 1257 iracundiam
1837 1185 2010 1258 Monachi
2025 1191 2141 1272 etalii,
2161 1193 2206 1285 qui

197 1307 233 1364 et
260 1292 447 1364 conciones
477 1315 578 1382 saepe
611 1303 647 1360 et
671 1289 862 1379 diligenter
882 1290 1122 1372 considerare,
1154 1301 1196 1360 ut
1247 1285 1418 1378 opinione
1440 1287 1651 1358 eruditionis
1674 1289 1712 1358 in
1734 1289 1825 1359 aulis
1847 1305 2010 1379 regnant.
2059 1289 2104 1362 Hi
2122 1307 2208 1364 utar·

196 1393 286 1464 scias
307 1405 342 1462 te
357 1415 439 1462 vere
457 1393 591 1461 socium
608 1390 879 1481 redemptionis,
905 1391 984 1460 fidei
1001 1403 1036 1460 et
1052 1390 1195 1458 invoca·
1247 1388 1335 1458 mati
1359 1390 1546 1460 autoritate
1567 1402 1603 1460 st
1623 1390 1757 1460 maiore
1773 1391 2005 1462 multitudine
2018 1395 2208 1464 consentien-

196 1493 306 1566 tionis
325 1495 502 1586 ipsorum,
535 1506 571 1562 ct
594 1486 824 1560 cohaeredem
848 1515 920 1560 esse
935 1492 1067 1581 gloriae
1083 1503 1195 1560 aeter·
1247 1488 1336 1558 tium
1357 1491 1508 1576 grassari
1530 1513 1628 1560 nuuc
1646 1490 1752 1561 latius
1769 1491 1923 1583 possint,
1948 1494 1987 1563 in
2004 1497 2132 1588 synodo
2146 1493 2209 1566 Tri-

195 1619 275 1669 uoe.
333 1592 387 1665 Ac
416 1593 578 1664 doctrina
605 1593 841 1675 considerata,
873 1589 1065 1662 Ecclesiam
1090 1589 1194 1660 lacoh
1247 1590 1394 1660 dentiua
1409 1592 1647 1661 condiderunt
1660 1595 1809 1678 decreta,
1827 1618 1980 1685 quorum
1998 1597 2104 1666 multa
2117 1597 2209 1690 palan

194 1697 355 1780 intuere,
396 1695 497 1764 exilia
534 1707 568 1764 et
599 1717 802 1777 aerumnas,
836 1691 931 1762 etin
956 1689 1013 1762 his
1037 1693 1194 1783 exempla
1247 1691 1334 1760 falsa
1354 1706 1455 1776 sunt,
1492 1693 1646 1784 plurima
1668 1717 1752 1762 vero
1776 1694 1966 1788 flexiloqua
1992 1711 2027 1766 et
2046 1693 2210 1790 sophistica,

194 1797 279 1868 fidei
299 1810 335 1868 ct
354 1797 504 1866 aliarum
525 1795 717 1875 virtutum,
750 1806 785 1864 et
800 1795 1030 1886 praesentiam
1047 1795 1112 1864 filii
1128 1793 1195 1864 Dei
1248 1815 1335 1884 quae
1359 1805 1401 1863 ut
1421 1793 1619 1878 stabiliant,
1651 1795 1782 1864 addent
1801 1793 1916 1887 Reges
1939 1798 2054 1868 edicta
2072 1799 2210 1890 sauguine

194 1897 380 1969 liberantis
403 1921 506 1982 eum,
540 1909 576 1966 et
598 1909 639 1966 ut
660 1899 813 1964 edantur
836 1895 1037 1967 testimonia
1062 1895 1195 1987 patela-
1247 1893 1389 1983 scripta.
1440 1889 2052 1982 Ostentantuobistotiamannos,
2075 1914 2211 1993 tanquan

195 2000 342 2086 ctiouis,
367 2011 456 2070 etut
473 2012 632 2069 servetur
646 1993 815 2074 Ecclesia.
1247 2006 1351 2084 caput
1373 1989 1569 2084 Gorgonis,
1602 1997 1749 2066 nomina
1772 1995 1971 2085 Ecclesiae,
2007 2000 2213 2095 synodorum,

859 2158 867 2166 ,
1247 2117 1438 2164 consensus
1459 2093 1642 2184 catholici,
1675 2099 1805 2190 quibus
1825 2101 1890 2169 etsi
1916 2102 2023 2172 multi
2046 2116 2212 2185 moveatur,

294 2196 436 2272 Deinde
455 2211 492 2268 et
513 2199 660 2270 vulnera
685 2194 862 2285 Ecclesiae
886 2196 1038 2266 intuere.
1090 2191 1192 2266 Adeo
1247 2208 1366 2264 tamen
1389 2219 1530 2277 omnes,
1557 2199 1620 2290 qui
1642 2223 1723 2268 vere
1738 2199 1906 2271 invocant
1921 2199 2061 2288 Deum,
2084 2205 2213 2275 fraudem

194 2315 398 2393 grasmutur
419 2300 573 2380 diaboli,
604 2315 644 2370 ut
669 2301 774 2370 etiam
796 2299 836 2368 in
858 2292 926 2368 hoc
948 2321 1057 2390 parvo
1079 2312 1195 2382 coetu,
1248 2297 1467 2388 intelligant,
1499 2311 1533 2368 et
1554 2299 1708 2370 refutare
1728 2301 1932 2392 praestigias
1955 2305 2104 2380 discant.
2154 2303 2214 2376 Una

194 2407 235 2474 in
251 2401 387 2474 familia
403 2399 519 2485 lacob,
543 2401 691 2472 incitent
707 2401 913 2493 praecipuos
926 2400 1022 2469 viros
1037 2401 1081 2468 ad
1097 2413 1194 2470 atro·
1247 2411 1299 2468 est
1320 2399 1440 2487 regula
1466 2399 1614 2470 illustris
1637 2414 1671 2470 et
1687 2402 1854 2486 immota,
1878 2429 1969 2498 quae
1989 2406 2069 2476 illas
2077 2401 2215 2506 γοητείας

194 2507 248 2576 cia
272 2503 414 2576 scelera.
473 2500 653 2574 Polluitur
674 2503 806 2574 incesta
828 2501 1082 2572 consuetudine
1108 2525 1194 2572 con·
1248 2501 1389 2570 evertit:
1416 2501 1445 2568 si
1460 2501 1540 2594 quis
1555 2501 1653 2572 aliud
1666 2499 1901 2592 Evangelium
1917 2509 2035 2592 docet,
2060 2503 2214 2580 anathema

194 2609 283 2677 iunx
307 2606 417 2698 patris
439 2603 560 2677 alilio.
610 2603 751 2678 Deinde
772 2604 878 2674 multi
893 2615 1068 2672 conantur
1084 2602 1195 2672 iuter·
1248 2601 1303 2672 sit.
1354 2597 1532 2694 Loquitur
1553 2617 1670 2674 autem
1692 2627 1748 2673 res
1765 2604 1857 2696 ipsa,
1885 2609 2073 2680 manifeste
2088 2631 2214 2702 pugnare

194 2709 299 2777 licere
319 2707 465 2776 fratrem
481 2699 622 2796 loseph.
673 2704 763 2794 Quis
786 2729 863 2774 non
878 2700 1093 2774 cohorrescit
1108 2698 1195 2774 haec
1247 2704 1419 2796 quaedam
1437 2701 1649 2774 Tridentina
1672 2707 1811 2776 decreta
1830 2731 1909 2778 cum
1923 2707 2121 2800 Evangelio
2137 2705 2215 2781 ethis

194 2807 363 2878 immania
393 2808 551 2896 exempla
580 2829 726 2876 cernens
752 2807 789 2874 in
817 2807 879 2874 illa
901 2805 1055 2890 familia,
1088 2828 1195 2899 quam
1247 2803 1334 2894 ipsis
1356 2804 1516 2875 sontibus
1540 2807 1752 2877 concionum
1777 2803 1963 2896 Abrahae,
2006 2812 2215 2883 ubidicitur:

196 2931 280 2980 vere
303 2931 378 2978 esse
393 2903 587 2978 Ecclesiam
604 2906 673 2978 Dei
694 2902 788 2976 nihil
811 2907 962 2976 dubium
978 2907 1074 2978 erat?
1124 2905 1197 2978 Sed
1248 2905 1398 2976 credidit
1413 2900 1595 2978 Abraham
1609 2905 1703 2993 Deo,
1731 2922 1766 2979 et
1786 2911 1956 3001 imputata
1976 2928 2029 2984 est
2048 2913 2215 2988 eiiusticia.

196 3010 276 3081 vult
295 3006 472 3080 nosDeus
495 3033 682 3098 agnoscere
705 3023 862 3079 nostram
878 3009 1136 3092 infirmitatem,
1161 3021 1197 3078 et
1249 3005 1366 3094 Quam
1391 3011 1599 3078 sententiam
1620 3007 1752 3080 Paulus
1774 3033 1815 3081 eo
1838 3013 1939 3098 citat,
1972 3027 2016 3086 ut
2037 3029 2218 3108 perpetuum

196 3110 385 3202 vigilantes
416 3131 491 3180 esse
518 3123 640 3180 contra
666 3111 802 3180 diaboli
828 3109 985 3183 insidias.
1047 3107 1137 3180 Vult
1162 3123 1198 3180 et
1247 3103 1426 3178 Ecclesiae
1456 3133 1667 3180 consensum
1701 3113 1745 3182 dc
1778 3113 1847 3182 fide
1873 3117 2085 3191 ostenderet.
2139 3115 2216 3186 Hanc

198 3215 316 3305 lapsos
345 3233 470 3282 rursus
501 3210 587 3300 erigi
613 3211 782 3304 exemplis
807 3209 952 3280 illorum
975 3233 1197 3281 summorum
1249 3210 1455 3280 concionem
1480 3212 1634 3302 profert,
1666 3237 1756 3306 quae
1778 3213 1893 3304 prima
1910 3239 2073 3307 expresse
2088 3219 2217 3312 loquitor

197 3311 409 3392 hominum,
435 3311 499 3405 qui
517 3336 720 3406 quanquam
736 3335 863 3402 magua
879 3313 1027 3383 vulnera
1044 3312 1197 3404 accepis·
1249 3313 1293 3380 de
1310 3311 1378 3380 fide
1394 3323 1428 3382 et
1443 3312 1655 3396 deluditis,
1687 3328 1722 3385 et
1739 3315 1902 3386 adfirmat
1915 3317 1985 3388 fide
2002 3320 2216 3412 accipiendam

199 3429 297 3500 sent,
329 3429 447 3486 tamen
474 3437 597 3486 rursus
619 3414 733 3492 sanati
759 3426 853 3486 sunt.
917 3411 1101 3484 Praeterea
1132 3413 1197 3485 etsi
1250 3435 1323 3482 esse
1353 3413 1641 3504 promissionem,
1683 3429 1717 3486 et
1750 3441 1830 3486 cum
1864 3411 1929 3486 hac
1960 3419 2032 3490 fide
2058 3419 2217 3513 acquiescit

200 3517 333 3588 multos
347 3509 465 3586 hostes
478 3510 586 3588 habet
600 3513 725 3600 lacob,
750 3529 869 3586 tamen
884 3513 1131 3584 infestissimus
1147 3527 1198 3586 est
1249 3508 1357 3582 homo
1377 3515 1415 3582 in
1439 3515 1654 3601 mediatore,
1684 3541 1766 3588 vere
1785 3519 1952 3609 imputari
1970 3519 2158 3604 iusticiam,
2179 3519 2216 3587 vi-

200 3619 309 3688 lrater
322 3614 438 3701 Esau,
474 3618 535 3710 qui
551 3631 678 3687 natura
696 3618 730 3686 ei
748 3617 929 3708 proximus
946 3629 1016 3700 est,
1042 3629 1077 3684 et
1091 3615 1199 3686 disci·
1250 3614 1377 3684 delicet
1390 3615 1468 3684 dari
1483 3617 1724 3688 remissionem
1738 3633 1958 3710 peccatorum
1975 3637 2011 3694 et
2025 3619 2217 3694 reconciliari

201 3720 300 3812 plina
313 3731 460 3810 paterna
478 3721 523 3788 ad
540 3719 687 3788 eandem
705 3719 958 3809 professionem
973 3719 1016 3787 de
1030 3715 1127 3799 Deo,
1153 3719 1199 3786 ad
1250 3709 1432 3786 hominem
1447 3731 1594 3808 propter
1607 3719 1852 3806 mediatorem,
1878 3734 1911 3792 et
1928 3716 2027 3796 huuc
2043 3725 2153 3819 ipsum
2165 3746 2219 3792 mc·

203 3823 351 3888 eandem
366 3819 646 3904 invocationem,
671 3832 706 3888 et
721 3821 764 3888 ad
780 3820 941 3888 omnium
955 3819 1127 3889 virtutum
1143 3819 1199 3888 of·
1246 3817 1421 3892 ,diatorem
1438 3817 1478 3887 in
1494 3841 1533 3888 eo
1550 3820 1722 3889 efficacem
1738 3845 1826 3907 esse,
1851 3837 1884 3893 et
1900 3847 1986 3894 voce
1999 3823 2217 3918 promissionis

202 3921 281 3992 ficia
298 3919 491 3989 institutus.
532 3917 583 3990 lta
601 3943 681 4017 cum
696 3921 825 3990 usitata
842 3921 937 3990 sitin
952 3915 1109 3990 Ecclesia
1124 3919 1199 3990 dis·
1252 3931 1286 3988 et
1308 3917 1445 4009 Spiritu
1474 3943 1538 3990 suo
1566 3935 1686 3992 sancto
1707 3925 1895 3993 accendere
1916 3949 2049 3996 novam
2075 3929 2219 4000 lucerna

205 4021 330 4092 tractio
356 4033 585 4108 cognatorum
608 4034 644 4091 et
664 4021 877 4100 amicorum,
909 4022 1144 4112 praeparandi
1165 4035 1200 4091 et
1253 4021 1510 4102 obedientiam,
1544 4035 1578 4091 et
1601 4022 1638 4090 in
1655 4023 1761 4092 corde
1777 4047 1895 4114 pacem
1911 4027 2068 4114 efficere,
2093 4037 2218 4124 quaeest

205 4121 440 4194 confirmandi
461 4135 543 4192 sunt
563 4122 691 4218 animi,
725 4137 766 4192 ut
788 4117 884 4192 hunc
901 4122 1077 4211 ingentem
1097 4122 1200 4192 dolo·
1252 4121 1396 4190 initium
1429 4123 1521 4190 vitae
1553 4136 1725 4197 aeternae.
1785 4123 1887 4195 Hanc
1912 4141 2023 4198 totam
2050 4131 2219 4202 doctrinan

205 4247 297 4308 rem,
337 4245 441 4316 quem
474 4223 645 4294 acerbitas
675 4223 767 4314 parit
799 4223 1035 4316 eorum‚·qui
1060 4225 1201 4294 fuerant
1253 4223 1432 4314 propriam
1446 4219 1625 4293 Ecclesiae
1642 4221 1729 4306 Dei,
1761 4249 1850 4318 quae
1873 4242 1924 4298 est
1946 4244 2074 4320 portus
2094 4246 2126 4302 et
2145 4253 2218 4299 sum

205 4323 505 4406 coniunctissimi,
529 4326 706 4414 sapienter
721 4325 886 4397 feramus.
936 4321 1084 4394 Nullum
1105 4340 1201 4396 atro·
1253 4349 1310 4392 ma
1344 4325 1539 4394 consolatio
1570 4325 1729 4416 piorum,
1763 4346 1806 4402 et
1829 4352 1987 4419 expresse
2015 4331 2055 4402 in
2082 4329 2145 4404 hoc
2162 4333 2218 4420 ipat

206 4425 282 4496 clus
299 4424 514 4510 vulnusest,
548 4425 667 4518 inquit
683 4420 894 4516 Sophocles,
928 4449 1034 4518 quam
1052 4427 1200 4496 desectio
1254 4425 1366 4509 libro,
1406 4437 1441 4495 et
1470 4426 1634 4517 deinceps
1656 4427 1695 4498 in
1719 4429 1857 4518 scriptis
1878 4427 2095 4522 propheticis
2117 4429 2218 4504 tradita

206 4526 323 4600 amici.
387 4523 435 4600 Et
468 4526 614 4596 suntin
641 4522 822 4618 prophetis
848 4527 1032 4619 quaerelae
1058 4528 1201 4602 similes.
1255 4540 1288 4596 et
1302 4526 1478 4596 illustrata
1493 4539 1565 4608 est,
1596 4528 1824 4598 audacissime
1840 4531 1998 4604 obruunt
2013 4535 2073 4603 isti
2087 4534 2218 4622 Areopo-

206 4625 298 4697 Cum
320 4639 437 4698 autem
453 4627 611 4717 exempla
626 4641 660 4696 et
676 4629 720 4696 de
739 4627 851 4698 causis
869 4627 993 4698 talium
1012 4651 1201 4698 aerumna·
1254 4627 1345 4715 gitae
1367 4624 1570 4696 Tridentini
1601 4630 1780 4698 contrario
1811 4632 1949 4703 decreto
1976 4635 2090 4728 impio
2111 4649 2143 4705 et
2161 4653 2217 4702 ers

207 4751 287 4800 rum
311 4750 376 4802 nos
400 4730 549 4798 doceant
571 4742 607 4800 et
630 4741 830 4798 monstrent
846 4729 1121 4811 consolationes,
1148 4730 1202 4798 le·
1256 4729 1399 4798 orando.
1451 4725 1580 4798 lubent
1604 4729 1701 4798 enim
1723 4755 1844 4802 omues
1866 4727 2031 4804 homiues
2050 4733 2216 4805 manereio

207 4830 296 4900 ctori
318 4829 477 4898 dolorem
495 4829 647 4904 leniunt.
696 4825 745 4899 Et
759 4831 922 4921 superbia
937 4844 1006 4914 est,
1032 4853 1097 4900 nos
1110 4833 1201 4902 ferre
1255 4827 1487 4900 dubitatione.
1541 4827 1593 4900 lta
1608 4825 1804 4902 hortatum
1821 4849 1926 4924 caput
1941 4836 1980 4906 in
1995 4835 2217 4931 Symbolods·

206 4929 381 5012 nolle-ea,
406 4953 496 5023 quae
511 4930 570 5000 alii
585 4931 748 5002 meliores
760 4932 936 5014 tulerunt,
959 4927 1068 5016 Abel,
1095 4929 1202 5018 Isaac,
1254 4932 1343 5000 lent:
1385 4932 1489 5000 eredo
1524 4931 1770 5002 remissionem
1803 4951 2041 5024 peccatorum;
2081 4939 2149 5008 imo
2177 4935 2216 5004 ia·

207 5029 335 5114 Iacob,
365 5027 493 5123 loseph
517 5045 550 5103 ct
569 5031 643 5104 alii.
695 5031 856 5104 Sciamus
871 5031 948 5102 Deo
963 5033 1100 5122 placere
1115 5034 1202 5102 obe-
1255 5033 1399 5124 quiunt:
1431 5055 1506 5100 uon
1530 5034 1657 5118 credo,
1687 5036 1747 5103 sed
1768 5035 1904 5107 dubito.
1953 5034 2216 5108 Hicmauilestus

208 5129 379 5202 dieutiam
395 5145 428 5203 et
443 5133 552 5204 animi
568 5133 845 5208 moderationem
861 5133 899 5202 in
915 5133 1045 5204 talibus
1062 5157 1201 5204 aerum·
1255 5145 1289 5204 et
1310 5133 1529 5223 perniciosus
1549 5157 1650 5204 error
1672 5136 1845 5221 ostendit,
1870 5151 2010 5208 autores
2032 5140 2151 5212 talium
2171 5137 2216 5202 dt·

208 5227 265 5304 uis
286 5233 520 5323 perferendis,
545 5246 580 5304 et
603 5233 736 5306 interca
761 5259 827 5304 nos
843 5235 911 5325 ipsi
926 5234 999 5304 lilio
1014 5230 1083 5304 Dei
1097 5258 1201 5304 curae
1254 5248 1431 5304 cretosum
1456 5229 1574 5308 hostes
1597 5258 1669 5304 esse
1692 5231 1871 5306 Ecclesiae
1894 5236 1982 5325 Dei,
2015 5255 2053 5312 et
2070 5238 2158 5310 abuti
2175 5231 2215 5304 hit

209 5357 301 5418 esse,
328 5327 425 5404 hunc
447 5357 520 5405 esse
540 5335 680 5406 fidelem
697 5349 732 5406 et
749 5335 890 5406 firmam
907 5334 1073 5409 amicum.
1123 5333 1200 5406 Hac
1255 5335 1478 5418 nominibus,
1511 5331 1707 5422 Ecclesiae,
1742 5335 1880 5432 Synodi
1909 5353 1945 5410 et
1969 5337 2128 5414 catholici
2150 5357 2214 5406 coo·

209 5457 246 5506 se
264 5435 505 5510 consolatione
528 5431 644 5508 David
668 5437 841 5528 erigebat,
879 5435 1063 5534 iuquiens:
1103 5449 1201 5529 pater
1253 5459 1385 5514 seusus.
1436 5435 1509 5516 Nec
1524 5433 1701 5514 Ecclesiae
1720 5439 1916 5513 doctrinam
1933 5454 2148 5536 proponunt,
2168 5433 2211 5504 sed
