4586 6224
74 345 135 420 411
624 340 1064 424 netsTOLAutttt
1122 343 1229 422 ΗΒ.
1255 339 1318 416 xl.
1372 339 1504 422 tata.
2017 349 2093 424 tta

72 517 284 590 servationem
313 517 532 590 adiuvamrrs.
591 516 631 591 Si
658 533 773 614 potest
792 513 960 597 Ecclesiis
987 517 1047 590 ille
1097 517 1225 609 gladiis
1250 521 1450 614 praebenda
1477 517 1544 592 erit
1564 511 1649 592 baec
1672 513 1807 602 miseras
1822 519 1957 622 cervix,
1994 547 2091 596 com-

70 621 214 698 deieasor
228 633 338 698 matus
351 645 498 698 aureum
515 619 672 697 secrtlum
688 623 890 720 restituere,
915 623 1045 702 trium·
1096 627 1273 698 mandabo
1298 652 1355 696 me
1371 623 1463 698 Filio
1483 619 1548 694 Dei
1566 619 1724 696 Domino
1741 635 1862 698 nostro
1888 623 1968 700 lesu
1982 623 2091 700 Chri-

71 724 143 824 pbet
154 742 190 799 ut
206 729 312 800 volet.
1096 741 1183 816 sto,¹
1194 729 1360 802 crucifixo
1377 753 1441 824 pro
1456 727 1561 798 nobis
1584 741 1621 800 et
1636 728 1860 818 resuscitato,
1885 731 1948 824 qui
1970 729 2090 824 inspe-

155 827 226 904 Cor
241 855 297 900 me
312 830 498 921 delegerit,
524 855 604 901 cum
618 832 717 902 nrrlla
739 833 778 903 in
796 857 834 904 re
850 857 1009 928 uuquam
1027 855 1045 902 a
1096 845 1173 904 ctor
1190 845 1243 904 est
1259 834 1441 914 cordium,
1465 841 1498 899 et
1513 829 1578 899 scit
1595 853 1653 900 me
1675 830 1828 922 simplici
1849 831 1966 904 studio
1983 856 2091 928 quae-

69 957 118 1005 me
138 933 244 1004 beses
269 933 330 1026 sit,
357 955 462 1030 quern
483 933 522 1002 in
544 933 609 1004 ista
627 935 834 1006 defensione
847 948 979 1016 status,
1004 947 1045 1006 nt
1096 935 1218 1006 sivisse
1233 933 1446 1024 veritatem„
1463 955 1536 1002 non
1553 931 1723 1003 factiones
1743 946 1805 1004 aut
1825 955 1933 1026 regna
1958 937 2091 1006 consti-

68 1049 172 1124 vocat,
201 1035 357 1128 primum
385 1035 557 1128 optineat,
588 1047 629 1106 ut
650 1030 808 1107 Marius
830 1033 1045 1124 Antonium,
1095 1051 1215 1123 tuere,
1241 1058 1312 1106 non
1334 1036 1451 1106 laxare
1471 1033 1591 1104 frenos
1613 1033 1808 1108 curiositati
1826 1035 1997 1119 voluisse,
2024 1045 2089 1106 ne'c

66 1139 190 1226 nescio,
217 1161 297 1208 cum
314 1136 400 1208 sciat
414 1131 505 1206 mihi
531 1159 668 1229 semper
682 1138 903 1234 displicuisse
921 1163 1044 1210 corru-
1095 1140 1172 1208 sine
1190 1161 1313 1230 magna
1332 1137 1538 1210 difficultate
1552 1135 1741 1228 diligenter
1763 1137 1983 1209 considerata
2005 1138 2089 1208 uni-

66 1241 164 1332 ptelas
184 1239 386 1326 doctrinae,
410 1251 446 1310 et
466 1263 486 1308 a
503 1262 559 1308 me
573 1261 709 1310 errores
725 1243 932 1334 praecipuos
947 1256 1043 1314 taxa·
1094 1263 1194 1310 versa
1222 1241 1451 1338 antiquitate,
1490 1237 1618 1308 multas
1652 1239 1831 1309 intricatas
1865 1239 2087 1333 quaestiones

64 1355 207 1416 tosesse.
257 1339 361 1412 Nunc
385 1339 509 1413 scribit
526 1364 584 1410 me
606 1365 831 1434 promovere,
855 1338 925 1414 hoc
947 1343 1043 1414 enim
1095 1343 1284 1428 evolvisse,
1318 1365 1444 1434 meque
1466 1339 1643 1412 iuventuti
1665 1341 1710 1410 ad
1735 1339 1962 1432 disciplinam
1986 1353 2020 1412 et
2042 1343 2087 1412 ad

63 1443 165 1514 utitur
184 1441 375 1526 vocabulo,
399 1440 483 1536 quia
506 1441 618 1527 suasi,
649 1466 695 1514 ne
717 1445 756 1513 in
781 1443 921 1536 templis
946 1445 1044 1515 fieret
1095 1447 1242 1516 colenda
1261 1444 1452 1515 rectissima
1467 1441 1583 1512 studia
1596 1436 1812 1514 hortatorem
1829 1443 1945 1516 fuisse.

65 1545 229 1626 solitudo,
245 1555 390 1636 propter
404 1543 536 1612 lineam
550 1556 702 1630 vestem,
726 1559 788 1617 aut
803 1570 859 1615 res
874 1546 1018 1620 similes.
1196 1546 1266 1618 Sed
1284 1549 1328 1616 de
1342 1569 1397 1613 me
1412 1545 1483 1614 iam
1499 1537 1593 1614 nihil
1610 1543 1734 1614 dicam.
1786 1540 1868 1616 Scio
1894 1544 1931 1614 in
1951 1543 2088 1615 dissen-

155 1641 304 1718 Etiamsi
328 1668 396 1740 qua
419 1659 509 1718 esset
532 1645 705 1718 dissensio
729 1649 772 1719 de
795 1673 834 1718 re
860 1647 942 1732 tali,
968 1671 1044 1738 pon
1094 1647 1255 1719 sionibus
1285 1647 1477 1727 civilibus,¹
1497 1667 1620 1714 omnes
1652 1667 1751 1716 casus
1785 1646 1953 1718 omnibus
1984 1671 2089 1740 expe-

62 1747 292 1826 obliriscenda
317 1759 419 1818 erant
448 1747 487 1816 in
509 1743 667 1817 Ecclesia
696 1761 881 1843 praecepta
908 1750 953 1820 de
987 1749 1044 1820 di·
1095 1753 1241 1822 ctandos
1258 1774 1349 1832 esse,
1372 1748 1445 1819 scio
1459 1746 1594 1818 rabiem
1616 1747 1817 1818 animorum
1842 1749 1949 1818 variis
1973 1749 2089 1818 modis

63 1852 222 1935 lectione,
239 1847 443 1940 praesertim
460 1872 541 1920 cum
559 1847 645 1922 sciat
660 1872 726 1920 nos
743 1850 782 1920 in
796 1873 924 1940 magno
943 1851 1043 1923 luctu
1095 1853 1250 1925 accendi.
1301 1847 1349 1924 Et
1363 1845 1492 1922 habere
1508 1839 1683 1920 Flacium
1708 1871 1788 1920 suas
1805 1851 1974 1942 quasdam
1998 1851 2089 1920 faces

62 1978 149 2036 esse,
171 1966 204 2022 et
228 1975 292 2020 nec
309 1972 431 2039 regna,
457 1973 522 2018 nec
543 1973 627 2044 opes
643 1976 826 2044 quaerere:
853 1947 1045 2024 uenerant
1095 1955 1361 2038 animadverto,
1386 1953 1446 2022 sed
1469 1963 1505 2022 et
1518 1951 1625 2020 vitam
1644 1973 1756 2021 meam
1772 1943 1851 2019 Deo
1870 1953 2090 2034 commendo,

61 2053 221 2124 imitanda
246 2053 405 2144 exempla
429 2051 588 2122 civilium
602 2053 883 2140 dissensionum,
909 2055 948 2122 in
963 2056 1045 2148 qui·
1095 2069 1128 2126 et
1144 2053 1337 2126 Ecclesiam
1355 2051 1422 2125 Dei
1436 2075 1554 2122 veram
1578 2053 1617 2122 in
1637 2045 1693 2122 bis
1715 2051 1920 2142 regionibus
1944 2067 1976 2122 et
1992 2053 2095 2136 alibi,

60 2159 138 2238 bras,
161 2153 223 2248 qui
238 2155 310 2223 sint
323 2154 522 2224 animorum
539 2155 708 2245 impetus,
730 2155 918 2248 proverbio
934 2155 1045 2246 signi·
1096 2159 1140 2226 dc
1163 2183 1233 2252 qua
1255 2157 1368 2226 multo
1392 2155 1504 2245 magis
1526 2179 1632 2248 quarn
1656 2155 1700 2223 de
1725 2177 1801 2223 mea
1824 2154 1894 2222 vita
1918 2155 2089 2224 sollicitus

62 2259 192 2326 beatum
210 2271 277 2325 est:
304 2249 520 2351 depectitur}
537 2247 641 2354 φάγῃ
658 2249 1044 2356 ὄφιν,μήποτεγενή-
1096 2283 1185 2332 sum.
1248 2257 1317 2330 Sed
1349 2253 1415 2328 bac
1442 2281 1500 2326 me
1520 2256 1762 2326 consolatione
1782 2269 1959 2340 sustento,
1992 2257 2089 2350 quod

68 2379 153 2428 orror
168 2347 333 2452 δράκων.
370 2353 435 2426 llle
450 2379 535 2424 vero
550 2353 728 2428 mibinon
747 2371 884 2429 tantum
900 2361 1045 2454 stylum,
1095 2360 1259 2456 promisit
1274 2353 1399 2446 Deus,
1431 2381 1467 2427 se
1489 2357 1593 2428 etiam
1618 2356 1811 2428 senescenti
1827 2353 2003 2428 Ecclesiae
2026 2359 2091 2427 ad-

63 2459 115 2528 sed
133 2459 198 2528 alia
215 2457 375 2528 minatur
388 2457 573 2528 atrociora.
623 2455 789 2552 Optarim
803 2485 869 2532 nos
886 2461 1045 2531 conferre
1095 2465 1356 2534 futurumesse.
1408 2455 1457 2530 Et
1473 2457 1587 2530 Filius
1604 2455 1670 2528 Dei
1688 2453 1931 2552 inquit,Ecce
1947 2482 2013 2554 ego
2029 2483 2090 2528 ao-

58 2583 176 2652 operas
194 2559 312 2650 potius
329 2561 372 2629 ad
393 2557 622 2630 illustrandas
637 2585 692 2632 res
709 2563 938 2648 necessarias,
963 2563 1046 2633 satis
1096 2563 1233 2636 discum
1255 2587 1337 2635 sunt
1357 2557 1526 2632 omnibus
1549 2553 1694 2644 dietus,
1715 2581 1827 2658 usque
1850 2555 1906 2630 od
1925 2584 2092 2632 consum-

56 2663 149 2730 enim
174 2659 406 2731 certaminum
427 2673 552 2746 restat,
583 2675 726 2754 propter
749 2687 841 2760 quae
865 2664 960 2734 inter
980 2687 1046 2734 nos
1097 2665 1293 2738 mationem
1316 2661 1440 2736 secttli.
1496 2663 1661 2735 Servabit
1685 2659 1782 2732 Deus
1801 2662 1941 2758 aliquos
1971 2663 2091 2736 coetus

54 2761 182 2856 pacisci
196 2761 357 2832 inducias
379 2775 413 2832 et
432 2763 530 2832 velut
553 2765 821 2858 syncrctismum
844 2791 918 2836 non
938 2769 1045 2836 modo
1097 2773 1258 2842 custodes
1275 2769 1456 2840 doctrinae
1470 2761 1672 2854 Evangelii,
1693 2777 1726 2836 et
1745 2777 1836 2834 recte
1855 2765 1973 2856 ipsum
1987 2765 2091 2834 invo-

54 2863 175 2950 nobis,
201 2865 262 2934 sed
285 2865 351 2936 toti
365 2857 543 2934 Ecclesiae
564 2865 688 2936 utilius
707 2881 814 2948 esset,
840 2893 886 2937 ne
909 2867 1046 2937 accide-
1097 2887 1232 2958 cantes,
1255 2885 1288 2942 et
1311 2884 1352 2942 ut
1375 2871 1412 2940 in
1439 2863 1495 2938 bis
1517 2867 1722 2956 regionibus
1736 2865 1840 2936 etiam
1856 2877 1990 2952 servet,
2016 2877 2090 2940 toto

53 2967 154 3038 deret
176 2965 285 3050 illud,
311 2965 406 3060 quod
423 2955 568 3036 Paulus
584 2963 719 3060 inquit,
739 2964 890 3064 βλέπετε
903 2964 955 3062 μὴ
972 2963 1046 3040 ὑπὸ
1098 2999 1177 3044 eum
1195 2987 1353 3066 pectore,
1380 2985 1413 3042 et
1426 2971 1519 3041 veris
1532 2967 1721 3059 gemitibus
1734 2992 1810 3042 oro.

52 3059 222 3161 ἀλλήλων
238 3063 470 3161 ἀναλωθῆτε.
521 3063 598 3158 Ego
617 3071 863 3161 responsiones
885 3073 1047 3140 modera-
1197 3071 1302 3146 Hanc
1316 3075 1459 3145 brevem
1473 3069 1738 3164 responsionem
1756 3071 1906 3162 opposui
1926 3068 2091 3140 clamori·

51 3171 122 3240 bor
138 3193 177 3238 cx
193 3169 362 3256 utilitate,
382 3193 422 3240 ac
437 3192 538 3262 spero
554 3193 611 3239 me
635 3172 836 3264 etsrriptis,
859 3187 893 3243 et
915 3173 1047 3242 multo-
1097 3169 1322 3258 lsusFlacr't',
1349 3187 1511 3246 nontam
1525 3197 1603 3242 mea
1623 3195 1745 3257 causa,
1767 3195 1873 3265 quam
1888 3195 2009 3242 earum
2020 3167 2090 3240 Ec-

49 3295 133 3340 rum
151 3263 381 3341 bonestorum
405 3270 547 3342 iudiciis
561 3273 728 3343 adversus
749 3273 944 3343 calumnias
966 3274 1049 3345 satis
1099 3282 1285 3350 etesiarum
1301 3301 1422 3362 causa,
1448 3276 1652 3366 ubicunque
1670 3285 1773 3356 stant,
1798 3273 1837 3342 in
1853 3273 1983 3367 quibus
1997 3273 2091 3344 m'ul-

50 3371 208 3444 defendi.
268 3369 358 3443 Nam
382 3369 499 3444 etalii
522 3373 571 3464 pii
597 3387 631 3442 ct
652 3374 747 3446 docti
772 3375 839 3444 viri
865 3376 900 3444 in
927 3375 1049 3446 multis
1099 3398 1218 3452 torum
1241 3381 1383 3474 piorum
1405 3377 1517 3449 animi
1539 3369 1823 3465 scriptisFlacs'a'
1842 3375 2090 3446 vulnerantur:

48 3471 260 3562 regionibus
283 3497 356 3543 non
379 3473 505 3552 leuiter
526 3475 666 3561 dolent,
690 3469 755 3546 bas
771 3473 947 3548 Ecclesiae
963 3501 1049 3548 con·
1099 3483 1150 3554 Hi
1165 3496 1311 3555 teneant
1325 3479 1416 3554 banc
1432 3478 1729 3559 consolationem,
1754 3477 1848 3568 quod
1871 3491 2013 3546 certum.
2029 3487 2090 3555 est,

49 3575 229 3648 damnari.
714 3571 719 3582 ⁸
1099 3590 1370 3659 fundamentum
1403 3583 1441 3652 in
1475 3576 1530 3650 bis
1556 3575 1722 3648 Ecclesiis
1752 3576 1903 3648 fideliter
1934 3577 2092 3662 retineri,

155 3675 226 3748 Sed
249 3689 283 3746 et
305 3665 480 3744 Flauium
509 3689 543 3746 et
567 3675 654 3746 alios
679 3669 868 3766 adhortor,
893 3691 932 3752 ut
954 3681 1050 3772 cogi-
1100 3689 1263 3760 videlicet
1278 3689 1520 3776 incorruptam
1537 3703 1657 3750 vorem
1666 3675 1871 3767 Evangelii,
1895 3701 2019 3748 omnes
2033 3701 2092 3748 sn-

48 3789 149 3860 lfflls
179 3777 266 3872 quid
287 3777 448 3847 summm
473 3777 535 3862 ⁵31,
561 3777 589 3847 δί
618 3777 786 3874 ῦῖΐῖῐηῦθ
811 3781 965 3864 accensi,
991 3777 1049 3852 hi·
1100 3789 1342 3872 ticulosbdei‚
1368 3801 1401 3856 et
1423 3807 1527 3856 arsum
1545 3781 1851 3853 Sacramentorum
1868 3780 1944 3850 sine
1967 3803 2093 3852 corru-

48 3877 200 3946 storiam
216 3901 391 3948 annorum
404 3877 547 3970 triginta
563 3895 772 3973 repetemus.
821 3877 1048 3972 Qualisbaec
1100 3893 1213 3986 prelis,
1263 3889 1345 3960 Tali
1370 3884 1567 3957 ministerio
1589 3885 1710 3956 adesse
1731 3881 1862 3952 Filium
1880 3877 1966 3966 Dei,
1991 3895 2028 3952 et
2052 3883 2092 3950 itt

49 3977 118 4048 erit
138 3979 232 4049 tela?
1101 3997 1163 4067 tali
1178 4007 1279 4066 coetu
1295 3991 1461 4062 exaudire
1479 3989 1683 4058 inuocantes
1699 3983 1933 4054 certissimum
1949 3996 2016 4070 est,
2033 4007 2091 4052 su·

157 4079 266 4170 Quod
289 4079 391 4150 toties
417 4079 551 4172 profert
571 4082 1048 4156 obiterdictainfamiliari-
1102 4123 1164 4188 pra
1192 4121 1334 4192 quoque
1367 4093 1452 4166 sliri.
1511 4087 1609 4158 Bene
1643 4087 1737 4172 vale,
1770 4085 1918 4156 candide
1952 4083 2092 4160 Lector.

49 4179 117 4248 bus
151 4181 358 4276 colloquiis,
387 4181 460 4252 imo
492 4197 522 4251 et
548 4185 683 4254 somnia
710 4187 850 4271 recitat,
884 4189 1049 4273 ostendit,
1099 4199 1243 4273 calend,
1260 4195 1441 4268 Octobris.
1469 4189 1580 4266 1549.

48 4305 120 4372 qna
139 4284 208 4352 bde
222 4281 397 4354 amicitiae
412 4297 446 4354 et
460 4283 709 4356 familiaritatis
726 4288 914 4358 iuracolat„
937 4287 1049 4381 Saepe

51 4379 89 4448 in
109 4385 237 4456 dolore
251 4385 441 4456 familiares
455 4387 618 4479 querelae
630 4387 815 4458 liberiores
828 4403 929 4474 sunt,
946 4413 1048 4486 saepe
1105 4407 2088 4444 ww

48 4481 262 4576 disputandi
279 4507 381 4556 causa
395 4509 459 4576 cgo
482 4487 556 4579 ipse
572 4481 814 4560 vehementius
830 4491 1050 4578 sententiam,
1264 4561 1280 4584 ,

42 4607 160 4676 quam
186 4587 396 4682 amplector,
420 4609 608 4679 oppugno,
634 4615 708 4660 non
732 4591 878 4676 ludens,
908 4595 968 4664 sed
994 4597 1048 4664 di·
1100 4561 1295 4691 ψ’
1942 4555 1976 4618 ⁶⁸
1994 4547 2065 4614 (Μ’

35 4691 177 4758 scendi
192 4713 313 4773 causa,
336 4703 378 4759 ut
392 4689 544 4759 aliorum
559 4692 831 4781 cogitationibus
846 4695 999 4771 erudiar.
1732 4741 1742 4762 ·

156 4791 364 4876 Postremo,
388 4804 512 4860 natura
539 4815 614 4860 mea
636 4795 759 4866 meritis
780 4808 950 4884 notarat,
974 4823 1048 4868 non
1418 4747 1485 4834 1⁰·
1519 4741 1777 4834 M‘mhfflw'

34 4893 185 4984 adpeto
202 4895 343 4964 laudem
358 4891 552 4976 torvitatis;
579 4895 638 4962 scd
655 4897 844 4968 mediocris
866 4901 1050 4970 cst'comi-
1168 4905 1247 4964 Edita
1260 4905 1288 4961 tn
1300 4905 1449 4964 thtsctstt
1461 4906 1578 4964 arunt·
1588 4903 1713 4960 statano.
1727 4892 1900 4964 renebera·
1913 4909 1942 4963 tt·
1957 4889 2007 4948 ²⁶⁷
2017 4907 2058 4964 '‘t·

34 5003 94 5060 tas
176 4995 334 5064 uaiocor
352 4995 654 5064 interdumetiam
673 4996 749 5066 ind
834 5001 843 5018 ⁰
914 5053 924 5076 ,
1032 5045 1050 5057 -
1571 5061 1578 5080 ,
1748 5055 1755 5074 .
2077 5043 2085 5066 ·

35 5091 87 5162 lia
106 5019 213 5170 ’attica
228 5109 349 5188 postea
371 5095 587 5166 calumniose
605 4999 932 5186 spargerbjfobltbibie
954 5001 1050 5182 sabb,
1098 5061 1417 5240 ῧθνῖξῖᾚζο
1428 5057 1703 5238 ῧαᾰῖῗῖῖὶίὲ
1719 5055 2093 5228 ι”ἱξέξῖοἴζέῑὲἴὲἑὲ

1144 5223 1154 5244 ο
1711 5219 1720 5250 1

35 5191 240 5282 planasia
271 5209 338 5280 est,
375 5221 448 5266 non
483 5196 699 5276 officiosum,
734 5213 773 5270 ut
807 5199 899 5270 nibil
936 5205 1049 5272 dicam
1209 5269 1215 5288 ,
1246 5270 1253 5286 ,
1555 5265 1562 5284 ‚
1607 5264 1615 5282 ⁴
1815 5255 1823 5272 ‚
2005 5249 2012 5268 ,
2065 5273 2070 5288 ἡ

34 5301 226 5388 aspertus.
284 5297 507 5378 sinautem,
540 5312 580 5366 us
606 5297 643 5366 in
664 5301 815 5392 qum-lm
847 5317 945 5394 pam
970 5327 1051 5375 „m
1137 5267 1214 5342 Det
1237 5295 1276 5342 m
1296 5261 1678 5352 Vollelouchrmrco‚
1695 5261 1820 5364 frutra
1842 5277 1909 5326 suo
1931 5270 2060 5325 carras.

33 5389 442 5489 Epistolaesignilicat,
467 5393 782 5490 nbimibigladios
806 5406 911 5474 etiam
935 5405 1053 5476 mina-
1102 5387 1151 5478 S·
1179 5407 1224 5483 D.
1274 5407 1483 5482 Rosea-ende
1504 5405 1561 5473 vir
1590 5415 1624 5472 et
1646 5402 1757 5472 amioe
1781 5367 1970 5465 carissime.
2025 5384 2093 5458 Dei

36 5509 127 5577 ltu,
167 5523 267 5570 casus
284 5501 412 5594 aliquis
432 5523 489 5570 me
506 5501 738 5592 oppresserit,
756 5529 1052 5602 quorumcunque
1103 5509 1274 5582 beneficio
1299 5525 1332 5582 et
1354 5505 1510 5580 Ecclesia
1533 5503 1590 5577 bic
1616 5499 1735 5574 adbuc
1759 5490 2034 5588 tranquillaret,
2059 5498 2094 5558 et

97 5607 288 5672 tilecastro.
306 5605 423 5672 Oeen.¹
436 5605 519 5672 Vos.
536 5605 610 5674 Vll.
1434 5609 1480 5682 31
