4614 6226
179 280 255 374 au
770 265 1209 360 rrtsromruu
1259 211 1457 376 cram.
1510 277 1642 366 ests.
2165 275 2228 358 ιιι

170 461 318 552 elegiam
343 455 534 528 mitterem.
586 449 694 527 Nunc
715 452 860 530 rescivit
881 455 920 528 in
944 455 1059 550 patria
1083 455 1178 528 desi-
1238 461 1399 538 aondom
1414 471 1500 536 sunt
1522 460 1564 532 in
1584 453 1643 534 his
1658 451 1763 532 terris
1776 452 1941 532 abolitae.
1993 449 2065 529 Sed
2079 451 2231 530 deobla·
2285 402 2291 525 l

170 565 288 634 iterari
317 565 593 652 gubernatorem
617 553 780 642 scholae,
822 584 932 656 quare
956 561 1046 634 istuc
1072 561 1177 654 proli·
1237 566 1334 636 tione
1355 564 1585 659 impetratum
1605 563 1720 635 estab
1740 556 1897 644 Aulieis,
1923 570 2159 631 neoneretnr
2172 553 2230 628 Ee.

172 670 336 750 risritur,
356 677 393 736 et
406 663 478 736 sibi
492 663 529 730 id
548 683 680 730 munus
696 664 857 732 mandari
876 675 964 738 orat.
1003 661 1181 736 Sciocurn
1236 667 1342 740 elesia
1358 667 1617 742 instauratione
1633 664 1797 737 sacrificii
1813 661 2005 739 Ponrtttctt.
2046 658 2130 751 Qua
2146 649 2241 732 ders

174 775 323 842 bonnet
340 768 500 838 modesto
518 763 662 852 ingenio
678 764 880 856 praeditum
898 787 992 851 esse,
1016 778 1051 836 et
1066 766 1122 844 rel
1145 765 1183 836 in
1236 796 1277 842 eo
1299 770 1481 850 difficilius
1501 782 1554 844 ost
1576 783 1773 856 ceramon,
1798 765 1883 863 qnia
1903 787 2057 838 nervum
2079 761 2230 836 stabilie-

174 869 295 946 srbola
310 871 366 942 vel
381 871 421 938 in
435 863 593 938 Ecclesia
608 865 802 962 aliquando
819 868 952 938 servire
965 867 1102 940 utiliter
1118 891 1185 962 po·
1236 872 1407 946 etruriam
1428 873 1516 945 olim
1531 872 1646 945 nostri
1662 867 1853 958 Doctores,
1878 868 1976 965 qnod
1999 867 2068 940 scis
2084 889 2153 954 nos
2172 887 2230 936 sae-

176 977 271 1052 terit.
322 970 427 1062 Rogo
451 969 560 1059 igitur
582 982 637 1054 te,
667 981 708 1040 ut
729 993 812 1040 eum
838 971 995 1044 adiuves.
1044 965 1184 1044 Ornate
1237 991 1472 1071 pepomonres
1490 988 1525 1048 et
1541 969 1804 1071 lachrymantes
1820 973 2034 1069 deplorasse.

175 1092 310 1150 vestras
331 1069 508 1148 Ecelesias
535 1069 625 1144 dum
656 1071 814 1166 potestis.
871 1071 964 1144 Nam
995 1085 1029 1146 et
1050 1087 1185 1146 vestras

176 1177 413 1275 Respublicas
451 1197 555 1272 spero
597 1172 780 1245 domicilia
813 1171 1054 1248 Ecclesiamm
1096 1177 1185 1252 fore.
1601 1137 1694 1218 ΡΜ
1720 1139 1884 1244 Scripta.

179 1283 292 1354 Vides
318 1280 435 1360 enim,
462 1301 535 1374 quo
561 1275 766 1371 principum
791 1275 940 1372 imperia
963 1291 1080 1352 ruant.
1131 1275 1185 1349 Te
1337 1277 1466 1356 Comes
1481 1273 1657 1354 Albsrttts
1671 1279 1814 1368 scribit,
1836 1303 1897 1352 mc
1920 1270 2233 1371 stulto*)‘pecu-
2279 1278 2287 1356 l

180 1409 321 1490 qrroque
346 1375 540 1464 adhortor,
574 1392 615 1450 ut
637 1401 767 1469 magno
796 1379 918 1452 arrimo
941 1394 1022 1452 tuos
1045 1383 1187 1454 labores
1237 1385 1296 1456 nia
1311 1397 1519 1478 corruptum
1536 1405 1623 1462 esse.
1670 1380 2011 1456 Haneialsissimam
2027 1380 2235 1453 calumniam
2281 1386 2293 1475 [1

179 1491 355 1583 perieras,
390 1505 480 1579 quos
502 1476 601 1553 baud
632 1481 742 1552 dubie
764 1481 853 1554 deus
876 1483 1021 1557 adiuvat
1043 1499 1078 1557 et
1100 1508 1187 1580 pro·
1238 1490 1392 1560 refutare
1413 1509 1557 1580 possum
1580 1485 1693 1581 ipsius
1707 1480 1810 1558 Iulii
1827 1499 1865 1564 ,et
1886 1485 1995 1558 totius
2010 1479 2129 1556 Aulae
2145 1483 2235 1554 testi-

180 1589 303 1677 vehit,
327 1600 369 1659 ut
384 1585 484 1658 iubet
496 1583 576 1678 pios
594 1584 726 1654 sentire
741 1609 809 1656 vox
827 1583 994 1674 Paulina,
1020 1611 1101 1658 cum
1128 1587 1188 1656 iri-
1239 1590 1379 1662 monio:
1404 1602 1511 1686 teque
1532 1613 1619 1677 oro,
1638 1603 1681 1662 ut
1702 1611 1760 1662 me
1781 1609 1935 1665 excuses.
1985 1583 2064 1658 Deo
2084 1583 2234 1674 iuvante,

169 1694 290 1794 quit,
316 1685 336 1762 ὅ
361 1681 451 1769 θεός
473 1681 613 1759 ἐστινὸ
637 1683 802 1787 ἐνεργῶν
815 1685 855 1760 ἕν
870 1683 966 1782 ὑμῖν
981 1685 1044 1761 καὶ
1060 1685 1103 1761 τὸ
1120 1683 1188 1761 θέ-
1239 1691 1477 1769 constantiam
1501 1692 1688 1785 praestabo
1716 1692 1757 1763 in
1781 1690 2004 1763 confessione
2025 1689 2234 1760 necessariae

184 1803 261 1868 λειν
280 1787 345 1868 καὶ
364 1785 408 1863 τὸ
431 1789 595 1890 ἐνεργεῖν
609 1781 704 1884 ὑπὲρ
718 1794 783 1883 τῆς
801 1785 984 1872 εὐδοκίας.
1036 1788 1129 1863 Cum
1153 1803 1188 1861 te
1240 1793 1441 1882 doctrinae,
1466 1794 1675 1891 ubicunque
1690 1818 1764 1870 cro.
1804 1793 1918 1888 Spero
1932 1815 1991 1863 me
2010 1805 2130 1865 tecum
2145 1788 2233 1860 brevi
2278 1828 2287 1921 p

183 1895 361 1978 excitarit,
386 1906 429 1964 ut
443 1915 526 1962 vere
543 1892 587 1962 de
602 1892 711 1961 rebus
723 1892 856 1962 divinis
876 1895 1024 1980 sentias,
1048 1907 1084 1966 et
1098 1893 1189 1963 bene
1240 1899 1501 1970 collocuturum
1516 1919 1603 1973 esse.
1655 1895 1760 1968 Dicas
1774 1893 1908 1969 Comiti
1921 1895 2011 1966 adeo
2034 1915 2110 1964 non
2133 1905 2236 1962 muta·

182 2001 272 2072 velis
290 1995 492 2080 Ecclesiae,
517 1995 623 2066 addet
647 1993 755 2064 etiam
776 2018 975 2082 successus,
1007 2008 1047 2066 ut
1069 1995 1189 2092 aliqua
1241 2016 1312 2070 tam
1333 2023 1408 2072 esse
1425 1998 1625 2070 doctrinam
1647 1997 1687 2067 in
1710 1993 1780 2068 boc
1799 1993 1967 2090 Oppido,
1990 2007 2032 2069 ut
2052 2017 2154 2066 nunc
2175 1991 2235 2087 'ly-

183 2107 273 2174 liaut
295 2099 364 2192 ipsi
389 2110 507 2190 grata,
535 2120 601 2166 nec
628 2109 769 2166 tantum
793 2095 880 2168 fiant
905 2097 943 2166 in
969 2098 1108 2170 mundo
1137 2121 1190 2182 ea,
1241 2097 1416 2196 pagrapbi
1436 2101 1570 2174 edituri
1595 2100 1669 2172 sint
1693 2113 1829 2172 tontum
1856 2097 2151 2170 lucubrationum
2166 2090 2234 2167 ἰν·
2292 2127 2293 2164 ;

185 2227 276 2302 quae
310 2212 395 2272 sunt
420 2199 590 2270 adversus
623 2197 738 2268 Deum
768 2200 1054 2280 contumeliosa.
1093 2195 1191 2270 Deus
1242 2197 1341 2274 theri
1364 2203 1599 2298 optimarum,
1631 2201 1697 2298 qui
1718 2201 1880 2273 continet
1897 2197 2180 2274 Enarratiorrem
2206 2199 2235 2268 in

183 2323 284 2402 pater
307 2301 448 2374 domini
467 2300 583 2372 nostri
608 2297 688 2370 lesu
711 2295 846 2371 Christi
870 2314 905 2373 te
928 2315 1060 2388 servet,
1095 2301 1192 2394 opti·
1244 2307 1450 2378 Psalmoset
1465 2300 1674 2398 Prophetas.
1724 2301 1939 2396 Exemplum
1951 2304 2103 2378 mittam.
2157 2299 2234 2372 Vos·

189 2435 245 2480 me
270 2405 502 2502 Hieronymo.
557 2402 617 2478 16.
633 2401 770 2473 Martii·
1245 2433 1313 2505 que
1328 2431 1412 2494 oro,
1424 2420 1486 2493 ut,
1500 2407 1530 2476 si
1546 2408 1585 2476 in
1599 2403 1665 2478 bac
1673 2405 1843 2477 servitute
1852 2416 1935 2476 'non
1949 2405 2100 2476 lecimus
2117 2403 2233 2487 omnia,

713 2501 903 2600 Philippus
915 2501 1143 2583 Melantbon.
1246 2535 1337 2606 quae
1355 2533 1421 2582 vos
1443 2509 1482 2580 iu
1506 2509 1669 2582 libertate
1689 2507 1823 2594 facitis,
1864 2507 2115 2578 misericordia
2136 2505 2230 2575 nostri

1246 2611 1478 2698 adiiciamiui,
1491 2609 1566 2682 non
1579 2609 1736 2702 augeatis
1750 2623 1892 2681 nostros
1907 2610 2049 2681 dolores
2066 2609 2161 2679 salsis
2173 2605 2232 2677 eri-

188 2709 1176 2745 W———e--ffl——a-—m

1028 2803 1031 2811 Ι
1249 2714 1518 2790 minationibus.
1570 2711 1653 2786 Seio
1670 2712 1789 2806 qualia
1800 2725 1884 2784 sunt
1896 2711 2027 2784 iudicia
2043 2712 2233 2784 multorum.

173 2819 178 2831 ⁶
187 2865 255 2939 No,
272 2861 386 2939 4505,
1029 2866 1088 2934 1¹3·
1106 2863 1196 2928 Mam
1247 2813 1295 2888 Et
1307 2817 1371 2888 alii
1383 2817 1471 2888 alias
1485 2838 1606 2888 causas
1622 2837 1706 2885 suae
1715 2808 1958 2885 vehementiae
1974 2815 2031 2884 vel
2046 2811 2231 2884 iracundiae

195 2959 368 2992 ..Μ-ν

1016 2953 1190 2989 Μ
1249 2915 1393 2994 babent.
1444 2915 1499 2988 Te
1516 2931 1551 2989 et
1565 2919 1619 2990 tui
1634 2915 1786 3003 similes,
1811 2917 1934 2989 doctos
1948 2930 1982 2988 et
1996 2917 2179 3009 sapientes
2193 2915 2225 2982 ri·

1248 3045 1307 3092 108
1323 3021 1422 3092 (lecet
1439 3020 1560 3090 fovere
1575 3033 1716 3090 noslros
1735 3033 1872 3100 coelus,
1896 3043 1942 3090 ne
1964 3021 2058 3089 illle!
2079 3042 2161 3090 nos·
2175 3031 2232 3088 lan·
2290 3077 2291 3086 ,

311 3153 312 3156 ’
439 3059 538 3148 ’A'
567 3057 932 3178 Hardenberyw‘
1248 3147 1355 3220 quam
1370 3120 1539 3196 Cadmaei
1552 3122 1679 3194 fratres
1702 3121 1925 3198 dimicamus.
1974 3118 2075 3192 Bene
2091 3135 2129 3194 et
2143 3118 2235 3191 felici·

258 3223 392 3295 Epistad
405 3219 595 3291 nurenberg.
609 3235 651 3292 εΡ·
664 3215 709 3274 ³⁷·
1251 3241 1303 3298 ter
1318 3225 1408 3300 vale.
1459 3221 1529 3297 Die
1550 3226 1608 3304 ts.
1627 3221 1762 3298 Martii.

367 3375 423 3454 D.
451 3372 646 3448 Alberto
670 3371 809 3447 Hard
814 3374 972 3474 ebergi
978 3401 1010 3454 ο.
1768 3319 1958 3420 Philippu*
1976 3319 2202 3418 Mfllffllhffl·

181 3517 240 3608 S·
268 3532 313 3607 D.
366 3529 578 3603 Reverende
595 3527 672 3614 vir,
697 3525 933 3613 etcarissime
956 3527 1075 3598 irater.
1128 3522 1196 3595 Dei

190 3635 362 3706 beneficio
381 3634 482 3704 nulla
498 3652 625 3725 persus
641 3625 759 3702 adbuc
776 3629 927 3699 mutatio
942 3627 998 3698 vel
1016 3619 1198 3700 doctrinae

191 3739 250 3809 vel
273 3737 408 3808 rituum
432 3736 471 3804 in
495 3733 626 3804 nostris
647 3729 817 3805 Ecclesiis
838 3731 928 3800 facta
955 3741 1019 3804 est.
1071 3729 1198 3802 Studia
2075 3783 2236 3819 um

192 3841 299 3912 etiam
328 3829 584 3929 Philosopbiea
612 3829 671 3906 bic
699 3833 926 3904 mediocriter
952 3832 1092 3906 florent.
1151 3829 1200 3904 Et
1663 3877 1671 3900 .
1703 3881 1711 3899 .
1989 3879 1997 3898 .
2279 3830 2288 3945 i

193 3940 432 4031 leresingulis
452 3937 660 4030 septimanis
683 3937 813 4008 usitato
835 3935 906 4004 ritu
932 3935 1201 4006 commendatur
1506 3877 1760 4006 Μαγαίῳ
1788 3877 2007 3964 Electm
2057 3985 2061 3996 .
2281 3952 2286 3973 ¹

189 4043 436 4115 ministerium
452 4039 651 4134 aliquibus,
676 4038 740 4132 qui
756 4037 795 4106 in
809 4037 889 4106 aliis
904 4032 1072 4106 Ecclesiis
1089 4039 1199 4109 doce·
1319 4048 1340 4112 †
1358 4042 1396 4097 Ex
1416 4038 1585 4164 suroprsptao
1605 4042 1668 4098 eod.
1688 4039 1771 4098 Goth.
1784 4039 1852 4126 ω.
1870 4039 1920 4096 tot.
1935 4040 1981 4096 st.
2001 4060 2017 4096 ι
2037 4043 2129 4126 ferite
2142 4039 2240 4110 scipta

195 4149 300 4221 bunt.
344 4133 400 4214 Er
418 4139 484 4213 bac
496 4142 572 4234 ipsa
587 4163 673 4210 voce
690 4155 723 4212 et
738 4135 916 4210 Ecclesiae
929 4139 1043 4230 specie
1057 4139 1200 4233 publica
1350 4113 1710 4249 :ffifflssffffic'ssssffiu
1720 4129 1819 4184 param
1830 4113 1985 4182 ’ΨΜ
2000 4130 2047 4186 ‘¹¹¹¹
2059 4121 2142 4168 “¹³²¹
2155 4125 2243 4166 ‘W'

176 4249 319 4343 potius·
329 4248 374 4317 de
389 4245 495 4318 nobis
510 4243 680 4329 iudicate,
703 4265 809 4337 quam
824 4266 864 4311 er
881 4241 1045 4332 pagellis,
1071 4242 1202 4336 quibus
1743 4307 1744 4316 ,
2275 4238 2290 4349 p

198 4352 372 4446 quaedam
389 4349 518 4418 inserta
537 4359 640 4432 sunt,
666 4369 756 4440 quae
773 4367 847 4414 non
864 4357 1093 4416 suntnostra.
1129 4343 1200 4416 Sed
1252 4337 1338 4414 ilem
1347 4335 2050 4432 Dutbltumtiglltttebodtgtbotttrttfftltllta
2065 4338 2245 4436 urbspttttt
2281 4379 2290 4432 ι

199 4471 319 4526 tamen
334 4454 378 4521 de
393 4444 610 4541 Adiapboris
627 4473 701 4516 uon
718 4448 820 4517 valde
834 4445 1091 4538 pugnavimus,
1118 4447 1201 4540 quia
1253 4441 1633 4540 pretermittere.
1658 4439 1876 4536 eberingen
1897 4442 2161 4532 ῠιιῦαῲῖεο,
2185 4443 2244 4512 bri
2288 4493 2291 4515 ι

200 4559 268 4626 seis
282 4555 451 4648 pleraque
467 4563 603 4621 retenta
619 4573 692 4619 esse
709 4575 750 4618 ex
764 4549 875 4618 reteri
891 4571 990 4618 more
1014 4548 1054 4618 in
1071 4549 1203 4619 nostris
1256 4546 1345 4634 bril.
1372 4542 1492 4620 rttm
1519 4541 1666 4634 atride
1694 4542 1987 4638 (ξτῇοιοϊῖᾢαίῐ
2021 4549 2100 4620 ureb
2126 4545 2244 4631 &btv

199 4657 380 4728 Ecclesiis.
431 4651 513 4724 Non
529 4654 598 4724 suit
616 4651 726 4743 igitur
744 4649 887 4722 rixandi
903 4673 1041 4724 causa.¹
1069 4649 1141 4723 Sed
1160 4652 1204 4721 de
1253 4645 1425 4742 fistice.
1464 4647 1671 4741 traiecerat
1705 4648 1738 4720 ia
1773 4646 1925 4740 Dictae,
1963 4643 2185 4742 &tetigerunt
2211 4661 2243 4732 tu

182 4763 280 4830 'aliis
304 4758 502 4828 maioribus
519 4757 624 4826 rebus
647 4777 774 4845 magna
799 4767 834 4824 et
850 4766 935 4824 sunt
950 4753 1145 4824 etsuerunt
1171 4765 1206 4824 et
1256 4749 1392 4845 titanes
1427 4750 1491 4822 ttttb
1522 4745 1741 4843 ffiutggterea
1768 4771 1807 4841 att
1832 4749 2023 4844 llltittbutg
2046 4772 2103 4840 tt..
2135 4749 2244 4840 nalem

202 4875 306 4932 errent
329 4858 522 4932 certamina
556 4857 741 4950 praecipue
765 4858 809 4926 dc
833 4855 1025 4927 oblatione.
1085 4853 1207 4928 Auttci
1600 4849 1786 4946 gulblgllrn
1809 4852 1931 4948 betta.

202 4965 462 5046 vociferantur,
487 4959 558 5078 niel
572 4960 624 5079 vfl
650 4959 690 5028 in
711 4959 838 5029 mediis
862 4959 970 5078 pebus
985 4959 1206 5077 obtempere-
1251 4967 1405 5072 (Sotae
1428 4983 1529 5060 bloet
1552 4986 1646 5077 bord)
1666 4985 1765 5070 leiren
1787 4987 1992 5078 einpebotaea
2022 4985 2124 5074 &ola
2144 4983 2245 5072 &rium

202 5089 302 5151 naris,
330 5063 542 5158 Imperatori
557 5085 747 5132 missurum
762 5072 933 5131 exercitus
951 5083 992 5130 ιιι
1012 5054 1078 5130 bas
1093 5083 1207 5152 regio·
1258 5088 1440 5182 (gptqpum'
1466 5087 1576 5180 „upra
1593 5089 1733 5186 pestana
1751 5095 1814 5160 ,mn
1830 5089 2067 5184 maqtqaffigm
2082 5089 2188 5186 ,pitseo
2201 5103 2247 5172 qu,

203 5193 284 5251 nes,
310 5167 373 5260 qui
394 5179 532 5284 vastent
548 5160 746 5249 Ecclesias,
771 5164 862 5281 sicut
886 5163 925 5230 in
941 5160 1072 5234 Sucvia
1091 5177 1208 5236 vasta·
1259 5213 1329 5270 Μ
1382 5189 1701 5284 ωυτώῑωῴῃῧῇη,
1716 5189 1958 5286 torpesceret.
1974 5187 2246 5286 guqussqnqqqn

204 5283 262 5341 tae
285 5283 379 5342 sunt.
440 5265 556 5338 Aiunt
579 5291 653 5337 non
675 5289 880 5336 necessarus
909 5265 1016 5335 rebus
1036 5288 1111 5335 non
1135 5288 1208 5336 esse
1261 5296 1341 5392 pipp
1360 5299 1424 5369 ,nb
1437 5295 1535 5391 ἔχη,
1575 5293 1628 5366 ,ρο
1647 5294 1684 5366 q·
1702 5291 1740 5380 ᾗ.
1764 5293 1811 5367 n,
1837 5295 1932 5368 bitte„
1954 5295 2014 5368 wit
2037 5296 2071 5368 itt
2094 5283 2246 5376 ungenta,

204 5385 319 5444 tantas
341 5370 556 5442 calamitates
573 5369 810 5442 accersendas.
862 5365 995 5438 Sumus
1016 5367 1126 5458 igitur
1143 5369 1209 5437 mi-

205 5497 273 5548 nus
295 5475 378 5548 duri
401 5474 438 5544 in
457 5473 529 5544 illis
546 5471 671 5542 mediis
686 5471 812 5550 rebus,
845 5493 997 5564 quarum
1023 5471 1229 5566 pleraeque
1297 5495 1331 5562 a)
1354 5491 1422 5549 tutto
1439 5492 1552 5579 rssugt,
1570 5493 1701 5566 episeopo
1716 5491 1942 5566 Naerrrburgemi.

1252 3690 1448 3824 Q.
2094 3695 2239 3770 eslim
2280 3688 2284 3715 '
