4734 6214
224 285 278 361 05

225 461 309 532 istic
320 483 420 532 nunc
432 479 508 528 esse
522 455 648 550 possis,
673 465 828 548 quantus
841 475 883 522 ex
899 463 961 523 tua
975 451 1172 544 praesentia
1186 453 1224 520 in

228 562 361 653 Anglia
378 555 501 632 haberi
519 562 588 628 iam
605 568 738 650 posset,
762 557 825 650 qui
846 569 964 625 tamen
988 555 1094 624 nobis
1113 555 1228 643 negli-

228 667 366 756 gendus
392 679 523 736 tamem
550 685 624 730 non
649 672 703 730 est
726 681 894 754 usquam,
925 657 1101 750 siquidem
1123 656 1228 726 nobis

227 761 365 839 Christi
379 761 527 836 Domini
547 761 697 854 gloriam
712 783 794 830 vere
810 772 845 830 et
860 783 901 828 ex
918 760 1037 828 animo
1052 781 1228 852 quaeren-

229 869 313 938 dam
335 889 409 938 esse
437 879 636 958 putamus
663 860 784 952 Quare
815 862 922 930 semel
944 862 1088 930 tandem
1116 872 1228 929 statue

228 969 386 1064 aliquid,
418 981 453 1038 et
477 989 544 1036 nos
569 968 614 1035 de
639 977 701 1036 tuo
729 965 849 1033 animo
871 963 925 1032 lec
948 963 1123 1035 certiores.
1173 959 1229 1032 De

229 1084 377 1163 sumptu
397 1069 673 1162 prospiciemus,
699 1079 761 1136 aut
777 1064 945 1150 Bremae,
971 1077 1032 1135 aut
1046 1062 1229 1133 Hambur-

230 1197 311 1265 gae,
336 1185 399 1242 aut
419 1171 484 1241 ubi
507 1171 606 1245 velis.
667 1166 781 1238 Modo
805 1168 877 1251 iac,
903 1166 1030 1252 sciam,
1056 1177 1228 1258 quantum

229 1288 266 1346 et
280 1297 352 1368 quo
368 1274 447 1344 loco
471 1272 587 1343 curari
602 1269 701 1339 velis.
754 1267 861 1353 Vale,
885 1280 920 1336 et
940 1269 995 1338 fac
1017 1269 1230 1360 respondeas

229 1399 374 1472 quaesta
424 1371 583 1460 Emdae‚
606 1371 643 1444 4.
660 1369 812 1461 Augusti
830 1391 924 1439 anuo
943 1367 1053 1442 1548.

592 1503 637 1583 Τ.
654 1530 695 1576 ex
712 1505 831 1577 animo
845 1497 873 1574 I
873 1527 1012 1576 oannes
1028 1528 1053 1574 a
1069 1497 1206 1580 Lusco.

241 1905 311 1982 No.
332 1904 445 1980 4817.

1068 1899 1229 2022 Q

237 2003 451 2042 m

541 2091 636 2176 Iac.
659 2087 920 2202 Burdinga.

300 2274 324 2346 ‘l-
342 2275 384 2328 Ex
397 2270 565 2344 autographo
577 2266 649 2322 Plail.
669 2267 697 2351 ip
710 2267 773 2326 cod.
786 2266 873 2322 Reid.
888 2265 1020 2323 Wratisl.
1036 2264 1100 2323 an.
1111 2265 1165 2336 V„
1182 2267 1232 2324 de-

334 2342 433 2412 scripta
448 2362 463 2396 a
477 2341 505 2395 S.
524 2337 556 2394 V.
570 2339 710 2396 Schulato.

232 2492 394 2574 Clariss.
428 2495 524 2582 ciro,
562 2489 783 2580 eruditione,
820 2493 1008 2592 sapientia
1038 2501 1071 2563 el
1104 2491 1233 2563 virtute

229 2599 443 2706 praestanti
466 2594 522 2670 D.
555 2593 584 2666 I
589 2593 732 2665 acuta
767 2592 1038 2691 Burdiago,
1073 2589 1232 2664 doctoris

813 269 1255 354 EPISTOLARUM
1306 267 1507 360 nlnxt.
1552 277 1688 357 tete.

2221 285 2277 357 96

2125 463 2263 548 t.aug·.

2102 557 2281 592 m

1456 635 1680 750 Grtaciger
1705 638 2106 735 adnotaremus

1348 805 1456 880 Scripta
1475 807 1551 907 publ.
1571 809 1657 867 Acad.
1674 809 1758 870 Wit.
1774 811 1807 871 T.
1821 814 1841 870 l.
1859 834 1887 888 p.
1900 815 1960 875 217.
2024 886 2029 898 Ι

1316 959 1455 1038 Rector
1479 962 1597 1045 Amat
1632 965 1783 1048 Wtoa.
1809 963 2056 1145 CI‘psporns
2079 965 2244 1048 Cruci-

1690 1097 1792 1167 grr,
1861 1125 1871 1144 .
2073 1093 2077 1103 ¹

1290 449 1358 527 No.
1381 450 1497 528 asts.

1286 550 1499 588 m

1280 1205 1387 1292 Beati
1410 1221 1561 1309 mortui,
1587 1223 1649 1317 qui
1678 1223 1717 1295 in
1740 1229 1886 1300 domino
1909 1231 2135 1322 moriuntur,
2152 1232 2291 1326 inquit

1281 1325 1475 1394 consolatio
1493 1325 1665 1396 divinitus
1680 1333 1860 1426 proposita
1884 1347 1918 1404 ct
1935 1334 2139 1406 confirmata
2155 1335 2290 1406 multis

1282 1425 1480 1496 illustribus
1495 1428 1706 1500 testimoniis
1722 1443 1756 1502 et
1771 1435 1966 1509 multorum
1982 1452 2204 1509 mortuorum
2223 1461 2290 1507 re-

1282 1529 1516 1602 suscitatione.
1570 1529 1690 1619 Quare
1704 1535 1768 1602 etsi
1792 1530 1946 1606 humana
1964 1539 2092 1608 iudicia
2108 1540 2183 1608 sine
2198 1565 2290 1608 coe-

1282 1629 1360 1698 lesti
1378 1631 1538 1700 doctrina
1556 1655 1629 1702 non
1648 1649 1798 1708 cernunt
1814 1652 1998 1713 venturam
2017 1641 2147 1732 vitam„
2160 1655 2289 1710 tamen

1283 1755 1359 1816 nos,
1383 1732 1591 1802 testimoniis
1606 1735 1736 1804 divinis
1752 1739 1959 1826 confirmati,
1977 1743 2179 1813 intueamur
2190 1768 2290 1814 ven-

1283 1845 1383 1903 turae
1398 1833 1490 1904 vitae
1508 1835 1690 1917 iudicium,
1707 1863 1747 1910 ac
1763 1839 2009 1913 liberationem
2026 1842 2289 1916 venamEccle-

1284 1935 1373 2017 siae,
1400 1949 1433 2004 et
1454 1951 1546 2006 certe
1564 1950 1757 2010 statuamus
1773 1949 1850 2027 eos,
1875 1946 1940 2037 qui
1954 1969 2034 2015 vera
2052 1947 2181 2016 liducia
2203 1973 2289 2018 me-
2346 1935 2347 1960 1

1285 2036 1430 2106 diaturis
1445 2038 1509 2106 lilii
1528 2039 1663 2110 animas
1678 2064 1757 2112 suas
1775 2041 1852 2116 Deo
1869 2051 2130 2134 commendant,
2156 2045 2290 2121 baere-

1284 2141 1346 2206 des
1369 2161 1442 2208 esse
1464 2152 1628 2210 aeternae
1649 2147 1918 2218 consuetudinis
1940 2175 2021 2220 cum
2042 2164 2112 2223 tota
2136 2153 2288 2226 coelesti

1284 2237 1453 2314 Ecclesia.
1529 2238 1620 2312 Cum
1654 2259 1770 2317 autem
1802 2249 1860 2320 vir
1892 2244 2061 2324 honestus
2094 2245 2287 2348 Georgius

1283 2335 1403 2412 Baua
1426 2337 1504 2410 heri
1528 2345 1713 2418 decesserit
1736 2347 1774 2418 in
1799 2351 1940 2424 ardenti
1968 2353 2190 2426 invocatione
2214 2359 2288 2427 lilii

1284 2443 1369 2525 Dei,
1403 2456 1438 2512 et
1461 2457 1562 2514 antea
1588 2447 1673 2516 fides
1698 2450 1772 2520 eius
1795 2451 1933 2524 fulserit
1950 2457 1993 2524 in
2019 2459 2185 2529 omnibus
2209 2461 2287 2550 piis

1284 2546 1425 2616 officiis:
1455 2569 1538 2616 nam
1564 2560 1598 2616 et
1621 2573 1736 2622 mores
1758 2553 1868 2644 ipsius
1891 2557 2019 2648 privati
2042 2561 2127 2630 casti
2148 2563 2286 2633 steine

1285 2648 1356 2716 ulla
1372 2647 1452 2716 labe
1472 2649 1637 2735 fuerunt,
1669 2665 1704 2724 et
1726 2653 1762 2724 in
1784 2659 1910 2746 repub.
1935 2660 2118 2750 integritas
2138 2663 2211 2744 eius
2233 2663 2283 2732 in

271 2705 367 2778 arlt'a'
392 2697 572 2786 1111111111,
607 2694 797 2793 (1194111911
831 2721 946 2794 11ἕ’0’
971 2697 1097 2799 fram
1126 2720 1195 2768 ⁵¹¹⁰
1285 2749 1461 2819 senatorio
1479 2775 1627 2822 mernere
1642 2756 1810 2826 omnihus
1833 2762 1980 2848 probata
2001 2764 2085 2847 luit,
2112 2778 2147 2834 et
2169 2763 2288 2834 bans

667 2799 797 2869 1111111·
1285 2851 1361 2920 licia
1378 2852 1453 2922 eius
1470 2876 1551 2942 erga
1567 2849 1760 2926 Ecclesiam
1779 2872 1812 2928 et
1827 2863 1943 2932 studia
1959 2865 2140 2936 docuinae
2157 2868 2289 2938 multis

233 2923 283 3012 S.
299 2937 347 3012 -Β,
398 2933 467 3006 Vir
481 2929 675 3004 clarissime
691 2945 725 3002 et
742 2933 859 3004 caries.
874 2933 993 3008 frater.
1030 2929 1134 3006 Nihil
1150 2959 1231 3026 gra·
1284 2969 1366 3024 nota
1383 2967 1476 3026 sunt.
1508 2951 1745 3030 Edidit-enim
1763 2974 1797 3030 et
1814 2956 2009 3056 theologica
2022 2967 2150 3058 scripta
2166 2969 2288 3040 multa

233 3035 1039 3126 1111111111111111311311Ρο1113111105311111111
1069 3038 1233 3123 11110110,
1285 3069 1320 3126 et
1333 3050 1552 3127 arithmetica
1572 3073 1606 3130 et
1623 3061 1774 3132 musicos
1791 3064 1919 3136 libros:
1954 3065 2025 3160 lpsi
2041 3071 2183 3163 quidem
2198 3093 2288 3160 gra-

234 3166 341 3237 quam
361 3140 519 3210 virorum
536 3137 734 3229 sapientum
758 3137 984 3208 othonorum
1003 3137 1232 3234 colloquium.
1284 3159 1472 3228 tutandum
1494 3171 1545 3230 est
1577 3153 1643 3230 hoc
1666 3163 1752 3250 iter,
1787 3167 1869 3257 quia
1899 3189 2099 3262 speramus,
2131 3195 2213 3242 eum
2235 3178 2318 3260 ad,

234 3243 356 3334 (1111111
379 3267 460 3312 111111
485 3239 575 3309 111111
602 3238 831 3308 ‘mitatem‘
854 3241 981 3310 1111111111
1005 3239 1180 3312 samniae
1195 3233 1232 3334 *i
1284 3259 1467 3330 coelestem
1477 3253 1670 3330 Ecclesiam
1685 3267 1881 3354 transiisse;
1904 3295 1969 3340 nos
1987 3299 2069 3343 vero
2085 3275 2287 3358 doleamus,

234 3347 291 3415 Vir
307 3345 480 3414 excellens
499 3341 659 3430 1111611110,
686 3339 856 3430 1311110111
876 3356 908 3412 11
923 3341 1074 3428 11111118,
1097 3342 1233 3414 1101101
1285 3375 1336 3430 tot
1359 3363 1618 3452 praestantibus
1635 3366 1719 3436 viris
1736 3381 1769 3439 et
1788 3373 1959 3442 matronis
1977 3376 2100 3463 exiguo
2121 3390 2289 3470 ternpore

234 3443 389 3518 Uiritus
407 3438 627 3526 Mordisen,
653 3437 813 3512 hortatus
837 3467 915 3512 sum
938 3467 1039 3529 eum,
1065 3458 1106 3515 ut
1130 3458 1231 3514 tuum
1285 3458 1375 3532 hanc
1391 3463 1566 3533 civitam„
1582 3469 1742 3554 orbatam
1760 3493 1851 3558 esse,
1876 3487 1909 3546 et
1925 3472 2040 3545 Deum
2058 3501 2217 3566 oremus,
2243 3495 2291 3552 u,

235 3549 454 3640 colloquium
470 3560 506 3616 et
521 3544 797 3614 familiaritatem
816 3559 963 3638 expetat.
1014 3541 1128 3636 Spero
1146 3571 1232 3638 con·
1283 3567 1376 3634 {mer
1390 3587 1455 3634 nos
1469 3589 1587 3636 seme„
1603 3569 1748 3666 aliquod
1766 3588 1924 3646 ,anctum
1941 3593 2065 3654 serven

235 3673 393 3740 gressum
406 3643 560 3718 v'estmm
576 3647 719 3740 utrique
736 3646 932 3716 iucundum
946 3647 1034 3721 fore.
1068 3643 1115 3718 Et
1129 3649 1232 3718 valde

235 3753 403 3836 laetabor,
430 3750 458 3820 si
475 3747 694 3831 intellexero,
717 3761 750 3817 et
766 3761 800 3816 te
816 3747 1038 3818 familiariter
1053 3743 1150 3820 bunc
1165 3743 1232 3820 bo-

236 3853 360 3945 spitem
377 3851 597 3944 complexum
613 3871 704 3932 esse,
730 3861 763 3918 et
779 3849 894 3940 ipsum
915 3849 985 3920 tuis
1009 3852 1232 3922 sermonibus

236 3957 448 4024 delectatum
469 3975 559 4033 csse,
592 3965 627 4020 et
650 3962 809 4019 mutuam
831 3951 1115 4022 benevolentiam
1140 3952 1234 4023 inter

236 4081 300 4126 vos
322 4068 466 4148 propter
491 4051 631 4122 virtutis
655 4075 812 4120 amorem
834 4053 873 4121 in
895 4068 1047 4146 utroque
1071 4067 1232 4124 exortum

235 4181 322 4229 esse.
376 4155 495 4244 Imago
511 4167 563 4222 cst
577 4152 844 4252 consuetudinis
860 4155 899 4222 in
918 4151 1074 4224 Ecclesia
1091 4157 1234 4226 coelesti

237 4257 435 4348 sapientum
453 4272 487 4326 et
503 4257 643 4346 piomm
659 4254 696 4323 in
716 4250 865 4324 haesita
884 4275 1100 4345 congressus.
1148 4256 1232 4328 ldeo

237 4343 443 4430 baccadas
465 4357 609 4447 scripsi,
641 4371 746 4450 teque
768 4379 851 4437 oro,
878 4371 918 4425 ut
939 4353 1035 4426 huuc
1058 4353 1234 4450 hospitem

238 4460 490 4552 complectaris.
542 4453 620 4528 Oro
636 4471 671 4526 et
687 4453 773 4543 hoc,
797 4475 838 4528 ut
854 4459 1136 4528 benevolentiam
1153 4485 1233 4551 erga

238 4587 294 4632 me
310 4575 406 4632 tuam
422 4584 496 4630 nou
512 4560 608 4628 sinas
621 4559 790 4650 extingui.
823 4557 921 4630 Bene
931 4561 1008 4631 vale
1022 4574 1057 4630 et
1071 4563 1234 4633 rescribe.

239 4661 306 4733 Die
319 4679 412 4734 sexto
431 4659 594 4752 Augusti.

1384 3696 1501 3768 Multa
1522 3695 1700 3798 prodigia
1717 3729 1860 3798 magnas
1877 3724 1911 3784 et
1932 3712 2048 3784 tristes
2065 3713 2292 3792 calamitates

1283 3799 1519 3882 denunciant,
1556 3817 1596 3874 ut
1621 3830 1736 3898 nuper
1762 3807 1802 3880 ex
1834 3811 1940 3904 spicis
1971 3815 2113 3904 sanguis
2140 3820 2293 3910 copiose

1284 3901 1451 3992 prolluxit
1474 3903 1513 3972 iu
1538 3928 1622 3996 agro
1646 3911 1800 4002 quodam
1822 3937 1896 3984 non
1922 3919 2045 4008 procul
2067 3943 2087 3988 a
2111 3915 2294 4000 Gorlitio.

1284 3997 1494 4074 Audiuntur
1517 4006 1662 4078 leonum
1690 4013 1865 4098 ululatus,
1891 4031 1924 4088 ct
1949 4041 2128 4092 armorum
2152 4027 2295 4114 strepi-

1284 4119 1341 4176 tus
1355 4105 1394 4172 in
1410 4112 1489 4176 aere
1503 4110 1548 4177 ad
1565 4107 1790 4195 flaminiam,
1818 4117 1971 4212 denique
1985 4121 2054 4190 alia
2068 4121 2180 4194 multa
2198 4151 2294 4200 vere

1284 4207 1487 4280 recitantur.
1538 4208 1609 4282 Sed
1625 4213 1830 4306 intersigna
1848 4222 1951 4290 etiam
1969 4235 2019 4293 est
2034 4224 2199 4296 interitus
2216 4229 2295 4300 bo-

1284 4333 1414 4378 norum
1433 4311 1614 4398 virorum,
1640 4331 1680 4386 ut
1696 4313 1819 4390 Esaias
1841 4321 1974 4416 iuquit:
2000 4325 2082 4396 iusti
2103 4327 2296 4418 colligun-

1285 4425 1360 4496 tur,
1393 4435 1437 4479 ne
1464 4429 1675 4502 spectatores
1699 4421 1770 4490 siut
1798 4423 1998 4494 suturarum
2029 4429 2298 4506 calamitatum.

1286 4507 1440 4582 Oremus
1456 4513 1566 4604 igitur
1579 4517 1711 4607 Deum,
1736 4536 1775 4591 ut
1789 4522 1827 4592 in
1851 4525 1902 4594 ira
1920 4527 2180 4600 misericordiae
2196 4558 2298 4606 suaa

1285 4616 1506 4698 recordetur,
1533 4631 1566 4688 et
1582 4623 1850 4695 commonefacti
1865 4627 1971 4698 tantis
1990 4629 2141 4702 miseriis
2158 4637 2299 4724 publi—

1285 4715 1333 4783 cis
1350 4729 1384 4784 et
1405 4718 1551 4806 privatis
1573 4722 1757 4794 flectamur
1771 4729 1814 4796 ad
1839 4731 2093 4819 poenitentiam
2109 4737 2204 4804 etad
2218 4763 2299 4810 vo—

1286 4843 1360 4885 ram
1376 4817 1649 4898 invocationem.
1700 4823 1797 4897 Haec
1814 4832 1999 4920 cogitanda
2017 4847 2100 4905 sunt
2116 4837 2223 4906 etiam
2247 4841 2295 4912 in

1285 4913 1342 4987 bis
1355 4920 1521 4992 itinerum
1536 4928 1757 5004 ceremoniis.
1807 4928 1885 5004 Fiet
1905 4949 2022 5008 autem
2038 4931 2297 5012 sunusGaor.

1069 5101 1075 5114 1
1282 5017 1348 5112 gio
1363 5014 1483 5092 Rhau
1499 5018 1606 5097 hodie
1629 5023 1717 5100 hora
1739 5047 1882 5123 quarta,
1900 5039 1952 5107 ad
1970 5040 2066 5130 quod
2082 5052 2128 5108 .ut
2150 5065 2298 5116 conve.

1014 5100 1088 5156 ‘¹⁰¹¹‘
1111 5117 1233 5163 uxorem.
1276 5121 1385 5192 ,uiant
1408 5122 1601 5216 Doctores,
1622 5129 1786 5223 Magistri
1802 5150 1840 5206 et
1856 5133 2067 5226 Auditores,
2094 5135 2298 5219 hortamur

1286 5245 1344 5291 eos
1366 5237 1399 5292 et
1422 5241 1567 5320 propter
1587 5233 1750 5322 pietatem
1772 5237 1928 5308 debitam
1943 5235 2120 5312 Ecclesiae
2133 5237 2222 5330 Dei,
2251 5264 2298 5322 et

1284 5338 1430 5415 propter
1446 5334 1653 5404 memoriam
1678 5336 1790 5426 ipsius
1806 5337 1972 5430 Georgii,
1996 5343 2068 5412 riri
2082 5337 2224 5418 ltouesti
2251 5366 2295 5424 et

1282 5427 1331 5496 de
1345 5431 1524 5520 republica
1542 5435 1632 5506 bene
1647 5439 1777 5513 meriti.
1815 5439 1850 5511 t.
1865 5438 2028 5534 Augusti.

958 4758 1157 4859 Philippus.

243 4899 446 4916 m

273 5032 302 5100 11)
321 5032 486 5102 Augustum,
509 5028 620 5081 fratrem
635 5023 778 5110 Mapcitii,
797 5025 882 5108 Ducis
902 5027 1002 5112 Saron.
1021 5029 1170 5105 Electoris,
1187 5035 1234 5106 qui

307 5099 629 5239 pppsglettldettnapngpgn,
651 5095 735 5151 tiliam
752 5095 840 5167 terp·
863 5096 988 5168 'Danum
