4522 6204
176 306 248 382 ott

180 489 296 583 perire
322 485 374 556 ibi
400 483 551 556 videtur.
608 478 679 552 Sed
706 479 833 550 melius
866 475 926 552 bic
957 475 1181 573 promittit⁷)

180 591 434 664 Coraciouator.
492 579 624 676 Aliqua
639 597 794 674 exparte
811 578 849 652 hi
872 582 925 654 tui
951 583 1091 654 labores
1110 577 1180 652 Ec-

183 693 330 777 clesiae,
351 689 504 783 patriae,
527 685 723 776 posteritati
740 684 916 776 profuturi
930 697 1032 770 sunt,
1045 683 1181 754 etiamsi

182 819 257 868 non
273 792 407 886 poteris
421 789 634 860 constituere
661 800 811 870 statum,
836 786 976 879 qualem
997 785 1182 856 constituit

184 899 308 981 losue,
341 892 503 976 Samuel,
541 887 677 974 David,
716 886 907 974 Salomon,
941 887 1065 958 losias:
1098 883 1180 983 αι’)

184 1001 316 1071 servies
337 994 475 1066 utiliter
500 1005 562 1062 tuo
586 991 683 1074 loco,
725 991 816 1060 sicut
840 989 879 1058 in
909 990 1037 1060 misera
1062 1003 1096 1060 et
1117 1014 1181 1080 op-

184 1125 304 1194 pressa
320 1097 431 1188 patria
448 1093 649 1164 serviebant
663 1087 872 1176 Zacharias,
899 1091 1046 1162 Simeon
1068 1091 1180 1161 etalii

186 1202 242 1274 bis
265 1200 470 1282 inferiores,
499 1219 651 1290 quorum
676 1207 794 1264 tamen
817 1193 886 1263 init
909 1193 1037 1263 similis
1051 1193 1181 1262 volun-

185 1321 251 1377 tas.
303 1301 486 1372 Postremo
510 1321 590 1368 cum
611 1320 684 1366 non
702 1297 919 1387 respondent
936 1309 1101 1380 eventus,
1126 1309 1182 1364 ta·

185 1431 266 1477 men
286 1405 323 1472 in
340 1401 416 1473 Deo
431 1399 659 1493 acquiescito:
687 1397 775 1468 scias
789 1397 858 1488 ipsi
876 1398 961 1466 etin
979 1398 1103 1467 officiis
1119 1421 1183 1466 vo-

187 1507 354 1586 cationis,
381 1517 416 1572 et
432 1503 561 1572 deinde
582 1502 621 1569 in
638 1501 823 1570 eventibus
842 1501 1080 1569 obediendum
1098 1517 1182 1579 esse,

185 1610 277 1680 sicut
292 1608 462 1699 scriptum
479 1617 546 1676 est:
579 1597 851 1674 Humiliamini
865 1599 933 1672 sub
947 1599 1090 1700 potenti
1102 1614 1182 1670 mai

187 1735 236 1780 nu
253 1705 343 1779 Dei.

290 1831 372 1904 Non
396 1841 448 1898 est
468 1824 594 1896 similis
614 1838 814 1916 temporum
835 1824 995 1892 fortuna:
1032 1834 1067 1891 et
1086 1819 1184 1892 Deus

187 1946 262 2036 ipse
278 1931 454 2030 praedixit
468 1929 618 1998 maiores
635 1925 867 2017 imperiorum
884 1939 919 1994 et
933 1920 1112 1994 Ecclesiae
1126 1925 1184 1993 di-

187 2037 416 2114 lacerationes
430 2033 469 2102 iu
488 2045 641 2100 extrema
657 2040 794 2096 senecta
807 2027 933 2096 muudi
950 2027 1087 2096 futuras
1102 2049 1186 2113 esse,

187 2167 295 2239 quam
312 2141 456 2209 luerunt
474 2144 614 2224 patrum
630 2141 664 2200 et
677 2125 937 2219 Prophetarum
953 2129 1184 2218 temporibus.

187 2245 236 2320 Et
252 2260 369 2316 tamen
386 2236 563 2332 quaelibet
578 2244 672 2302 aetas
685 2231 798 2302 multa
815 2230 928 2302 tristia
943 2231 1101 2321 exempla
1118 2226 1183 2300 ba·

188 2351 259 2420 bet.
312 2342 382 2414 Sed
406 2361 503 2410 nunc
526 2357 695 2424 urgemur
715 2357 790 2404 non
812 2333 928 2404 solum
945 2334 1067 2402 aetatis
1083 2333 1184 2402 infir-

189 2451 330 2528 mitate,
354 2444 416 2538 sed
440 2439 546 2510 etiam
560 2437 652 2506 mole
669 2459 884 2527 poenarum,
914 2459 1003 2528 quae
1025 2435 1185 2505 cumula-

189 2567 246 2622 tae
261 2560 346 2619 sunt
363 2557 509 2637 propter
523 2539 620 2608 idola
637 2550 671 2607 et
686 2538 754 2608 alia
772 2539 914 2611 scelera.
946 2535 1066 2606 Maior
1080 2538 1184 2607 etiam

189 2655 230 2724 in
245 2649 398 2722 Diabolo
421 2643 537 2716 rabies
561 2654 630 2724 est,
663 2640 834 2711 sentiente
855 2640 926 2708 iam
951 2639 1083 2708 instare
1096 2652 1186 2708 tem·

190 2777 267 2849 pus,
283 2747 429 2822 extremi
449 2743 593 2826 iudicii,
627 2742 666 2810 in
692 2766 763 2834 quo
786 2740 853 2810 sibi
877 2740 1028 2810 maiores
1050 2741 1185 2810 crucia·

189 2869 248 2926 tus
274 2855 313 2924 in
335 2873 478 2923 omnem
499 2843 742 2916 aeternitatem
772 2856 867 2914 certo
890 2842 1091 2934 propositos
1113 2865 1186 2912 esse

189 2957 303 3028 novit.

292 3067 403 3140 Addit
423 3063 594 3137 Salomon
623 3077 658 3135 et
688 3062 993 3134 comminationes.
1058 3058 1186 3132 Tradit

189 3177 364 3268 regulam,
398 3169 528 3238 atrocia
557 3167 686 3240 scelera
713 3179 748 3236 et
779 3165 819 3234 in
850 3159 917 3234 hac
945 3163 1017 3232 vita
1052 3163 1185 3254 puniri.

188 3273 277 3352 Non
293 3283 344 3345 est
363 3267 532 3356 iniustis,
547 3269 681 3363 inquit,
703 3265 825 3336 evasio
843 3263 881 3333 in
895 3259 1062 3363 praelim
1085 3266 1185 3338 item:

190 3377 282 3450 Etsi
305 3367 531 3472 differantur
550 3393 705 3470 poenae,
735 3377 857 3438 tamen
885 3373 977 3436 certo
1000 3375 1186 3436 secuturae

188 3491 284 3558 sunl.
336 3465 437 3547 Bene
465 3475 532 3544 erit
564 3467 775 3543 timentibus
799 3467 942 3541 Deam:
977 3491 1022 3538 ac
1048 3492 1186 3566 nequa-

189 3611 301 3684 quam
318 3581 403 3652 bene
419 3575 486 3648 erit
502 3575 632 3674 impio,
646 3598 707 3645 aec
724 3567 902 3643 diuturna
921 3569 999 3642 eius
1016 3569 1091 3640 vila
1108 3569 1184 3658 erit,

189 3681 255 3756 sed
268 3683 360 3756 sicat
380 3679 510 3751 umbra
525 3675 713 3752 evanescit.

291 3799 388 3870 llaec
403 3809 487 3867 sunt
503 3795 690 3886 praecipua
706 3793 865 3862 membra
880 3791 919 3860 in
933 3784 1001 3862 hac
1016 3788 1185 3860 concione

190 3901 404 3978 Salomonis.
457 3894 530 3966 lam
547 3897 640 3986 apud
665 3915 738 3964 sese
761 3893 872 3964 lector
895 3905 1053 3983 reputet,
1079 3915 1183 3986 quam

190 4008 237 4078 sit
252 4003 352 4076 utilis
368 3997 551 4080 doctrina,
585 4019 674 4086 quae
696 3993 881 4064 coufirmat
904 3993 943 4062 iu
965 4006 1082 4062 mente
1105 4016 1185 4060 sen-

189 4107 337 4182 tentiam
356 4104 399 4170 de
413 4095 636 4192 providentia
653 4108 688 4166 et
703 4095 747 4164 de
760 4105 909 4162 venturo
926 4093 1074 4164 iudicio:
1095 4119 1184 4188 quac

189 4205 472 4282 admonitionem
499 4201 542 4270 de
567 4197 692 4270 officiis
718 4193 932 4280 vocationis,
966 4209 1000 4266 et
1022 4195 1185 4264 consola.

189 4316 305 4388 tiones
339 4309 383 4378 de
414 4301 680 4374 difficultatibus
721 4311 757 4370 et
787 4297 972 4368 eventibus
1005 4297 1184 4388 proponit.

187 4413 278 4497 Nam
295 4407 481 4482 exordium
496 4405 535 4474 in
551 4402 652 4474 omni
668 4399 767 4494 gravi
784 4399 1040 4472 deliberatione
1057 4409 1109 4468 est
1124 4421 1184 4468 co-

186 4517 309 4608 gitatio
333 4516 377 4582 de
401 4505 642 4601 providentia,
671 4517 706 4575 et
733 4503 777 4574 de
804 4501 937 4574 iudicio
960 4499 1047 4586 Dei,
1079 4513 1114 4571 et
1141 4501 1184 4568 de

186 4620 320 4690 auxilio
335 4612 472 4684 divino.
944 4673 949 4683 ,

289 4733 387 4808 Sciat
401 4741 519 4800 autem
539 4725 650 4793 lector
674 4733 707 4792 et
726 4717 815 4805 hoc,
841 4717 904 4790 bas
929 4719 1119 4794 conciones
1146 4719 1183 4787 in

186 4835 345 4912 Ecclesia
362 4833 429 4904 Dei
452 4825 612 4904 recitari,
636 4822 701 4894 ubi
721 4835 842 4890 notam
861 4845 934 4892 esse
959 4837 1099 4912 oportet
1118 4824 1183 4892 do-

188 4939 339 5014 ctrinam
361 4935 406 5004 de
429 4931 504 5002 veri
518 4926 585 5000 Dei
612 4923 836 4994 invocatione
858 4925 950 4992 etde
966 4921 1181 4992 Redemtore

187 5041 261 5113 lilio
282 5037 360 5110 Dei.
410 5033 617 5104 Praelucere
641 5024 857 5114 agnitionem
881 5023 944 5092 lilii
963 5021 1032 5094 Dei
1059 5021 1184 5096 etRe-

188 5139 359 5218 demtoris
391 5147 530 5228 oportet
556 5127 612 5200 his
641 5127 841 5210 laboribus,
870 5125 1068 5218 dequibus
1098 5119 1184 5196 baec

187 5327 290 5336 -ο-ι--ο
312 5323 399 5334 ..ιι-.-

219 5429 248 5496 v)
268 5425 337 5480 nata.
352 5423 376 5477 s.
392 5429 417 5472 a
433 5391 513 5474 veie.
528 5417 669 5482 prasiana
683 5415 734 5466 aa.

220 5519 246 5577 s.
269 5518 314 5584 ue]
329 5509 392 5564 edit.
407 5507 431 5562 ἲ.
447 5521 495 5572 ae,
518 5521 547 5554 er
563 5501 670 5554 rtiendo.

755 303 1187 384 EPISTULARUM
1238 307 1453 387 LlB.llll.
1508 307 1640 387 1550.

2237 202 2238 260 i

2125 319 2184 398 aas
2237 269 2238 338 ³

1232 481 1355 552 concio
1378 481 1553 574 loquitur:
1588 494 1629 552 ut
1657 481 1730 572 ipse
1754 479 1924 552 Salomon
1948 475 2004 554 bic
2023 486 2187 560 universam
2238 464 2239 554 i

1231 583 1429 654 doctrinam
1439 581 1617 652 Ecclesiae
1633 583 1797 672 cognosci
1814 595 1849 653 et
1864 583 1980 653 audiri
1994 589 2149 682 praecipit,
2161 609 2187 663 et

1232 685 1347 756 cultus
1368 685 1513 754 inutiles
1543 697 1656 770 taxat,
1685 686 1869 778 inquiens:
1921 681 2120 780 Ingrediens
2138 688 2189 762 da
2239 726 2240 742 κ

1232 811 1331 854 mum
1346 781 1434 872 Dei,
1451 782 1575 858 accede
1593 794 1632 856 at
1648 781 1799 856 audias.
1829 780 1976 858 Melior
1990 799 2037 859 est
2053 787 2189 862 obedien-

1233 886 1307 970 tia,
1350 913 1463 988 quam
1497 886 1695 958 stultarum
1729 887 1913 974 victimae,
1954 887 2018 988 qui
2046 891 2190 976 nesciunt,

1233 997 1414 1088 parantum
1430 989 1586 1090 saciant
1613 988 1718 1064 mali.
1771 987 1881 1062 Vides
1902 995 2095 1084 gravissime
2115 1021 2192 1088 prae-

1236 1093 1323 1184 cipi,
1347 1107 1390 1164 ut
1413 1094 1609 1164 doctrinam
1632 1096 1670 1164 in
1687 1097 1793 1164 domo
1810 1092 1897 1176 Dei.
1924 1097 1962 1166 id
1985 1109 2049 1182 est,
2079 1098 2113 1166 in
2131 1123 2193 1166 vera

1235 1193 1391 1264 Ecclesia
1413 1211 1598 1266 sonantem
1624 1197 1829 1282 audiamus,
1855 1221 1945 1294 qrrae
1969 1211 2071 1270 totam
2092 1201 2194 1270 lunda-

1237 1298 1348 1366 menti
1366 1297 1563 1367 doctrinam
1583 1299 1838 1391 complectitur.
1888 1297 1978 1370 Nam
2004 1313 2036 1370 et
2056 1313 2131 1371 tunc
2148 1325 2196 1368 ne-

1237 1423 1329 1468 cesse
1352 1413 1426 1468 erat
1440 1399 1593 1468 discerni
1611 1425 1733 1470 verum
1748 1397 1865 1472 Deum
1889 1404 1935 1472 ab
1962 1403 2112 1472 omnium
2132 1426 2197 1491 gen-

1236 1502 1325 1572 tium
1344 1502 1601 1572 commenticiis
1625 1503 1853 1588 numinibus,
1883 1518 1918 1575 et
1939 1506 2117 1596 oportebat
2133 1528 2198 1596 pro
2242 1512 2243 1540 ¹

1235 1603 1422 1672 missiones
1447 1605 1491 1673 de
1508 1601 1724 1675 Redemtore
1748 1621 1849 1675 notas
1874 1629 1966 1690 esse,
1991 1605 2131 1696 intelligi
2151 1607 2200 1674 do·

1237 1708 1386 1776 ctrinam
1411 1705 1456 1775 de
1481 1705 1612 1776 iustitia
1634 1707 1728 1776 fidei.
1780 1707 1886 1778 Nulla
1916 1707 2006 1794 luit,
2028 1732 2135 1802 neque
2154 1721 2202 1788 est,
2243 1774 2244 1804 1

1236 1807 1413 1878 invocatio
1431 1821 1529 1898 grata
1545 1805 1642 1892 Deo,
1668 1807 1740 1878 nisi
1754 1832 1855 1879 mens
1870 1823 2035 1900 agnoscat
2050 1831 2202 1879 summan

1238 1907 1486 1994 Sacerdotem,
1512 1911 1747 2002 perferentem
1772 1925 1894 1982 nostra
1919 1925 2000 1982 vota
2027 1927 2062 1984 et
2091 1925 2206 1980 nostros

1236 2011 1388 2100 gemitus
1402 2012 1447 2082 ad
1462 2026 1645 2084 aeternum
1663 2011 1816 2088 Patrem.
1844 2031 1851 2052 ⁸
2244 2034 2245 2068 t

1339 2144 1462 2240 ltaque
1475 2160 1560 2218 tunc
1574 2173 1715 2244 quoque
1724 2144 1920 2242 Prophetae
1935 2149 2108 2220 docebant
2122 2171 2207 2236 agen·

1236 2261 1287 2318 tes
1302 2251 1557 2340 poenitentiam
1574 2253 1730 2343 accipere
1745 2252 1989 2322 remissionem
2001 2263 2208 2344 peccatomm.

1236 2352 1395 2442 reputari
1410 2351 1542 2437 iustos,
1567 2353 1694 2423 donari
1710 2351 1844 2446 Spiritu
1864 2353 2016 2439 Sancto,
2038 2365 2073 2422 et
2086 2350 2209 2422 heredes

1238 2475 1311 2522 esse
1333 2454 1427 2524 vitae
1449 2468 1609 2525 aeternae
1633 2469 1727 2526 certo
1743 2455 1871 2526 fiducia
1884 2455 2129 2538 Redemtoris,
2154 2479 2210 2520 nou

1239 2569 1385 2646 propter
1408 2557 1589 2648 propriam
1613 2559 1820 2646 dignitatern
1850 2573 1912 2631 ant
1935 2559 2063 2648 legem.
2119 2553 2212 2626 Fulsit
2246 2558 2247 2650 l

1239 2669 1357 2726 autem
1382 2652 1469 2728 haec
1492 2659 1620 2730 notitia
1636 2658 1862 2731 Redemtoris
1880 2661 1919 2730 in
1938 2661 2021 2730 aliis
2043 2659 2164 2748 magis,
2186 2657 2212 2722 in

1239 2757 1318 2828 aliis
1331 2758 1467 2829 minus:
1493 2761 1599 2832 multi
1615 2761 1738 2848 etiam,
1762 2775 1804 2832 ut
1818 2763 1855 2834 lit
1868 2763 2040 2834 omnibns
2054 2760 2215 2838 aetatibus,
2247 2820 2248 2854 3

1240 2873 1377 2932 tantum
1402 2864 1645 2947 somniarunt,
1669 2857 1833 2934 homines
1854 2865 1917 2934 illa
1938 2865 2127 2956 disciplina
2147 2861 2215 2946 legis
2247 2867 2248 2870 ’

1239 2963 1350 3032 iustos
1367 2987 1460 3048 esse,
1483 2977 1517 3034 et
1532 2979 1671 3056 peccata
1688 2967 1766 3036 tolli
1783 2967 2217 3038 mactationevictimarum.

1238 3064 1309 3136 Sed
1326 3077 1443 3135 tamen
1452 3062 1650 3158 Prophetae
1667 3069 1821 3138 etmulti
1837 3093 1959 3140 eorum
1979 3069 2157 3140 auditores
2170 3087 2217 3132 eu
2248 3082 2249 3116 t

1238 3169 1355 3237 stodes
1375 3168 1523 3238 luerunt
1539 3193 1642 3240 verae
1657 3171 1857 3258 doctrinae,
1882 3185 1916 3240 et
1931 3171 2066 3242 fidncia
2084 3167 2218 3240 Redem-

1239 3270 1326 3340 toris
1352 3267 1467 3340 Deum
1493 3284 1586 3342 recte
1613 3273 1837 3346 invocarunt.
1902 3269 1957 3344 De
1980 3273 2142 3356 caeteris,
2171 3267 2217 3360 qui

1239 3373 1411 3462 putabant
1435 3395 1472 3440 se
1495 3373 1583 3442 iram
1608 3372 1674 3444 Dei
1698 3376 1836 3466 placare
1859 3375 1931 3445 suis
1953 3375 2153 3456 sacrificiis,
2175 3371 2218 3438 in-

1239 3471 1517 3564 quitSalomon:
1544 3469 1743 3560 Nesciunt,
1769 3485 1949 3574 quonlam
1956 3475 2119 3576 saciant
2132 3467 2218 3542 mali.

1241 3572 1281 3641 ln
1307 3569 1372 3644 bac
1389 3574 1489 3644 brevi
1511 3577 1652 3668 querela
1670 3577 1873 3649 Salomonis
1889 3579 2003 3648 tristis
2026 3575 2219 3670 vituperatio

1239 3689 1292 3746 est
1318 3677 1495 3746 coecitatis
1518 3679 1714 3749 multorum
1745 3681 1912 3750 omnibus
1945 3683 2143 3762 aetatibus,
2174 3675 2220 3770 qni

1238 3777 1347 3846 simili
1372 3803 1492 3850 errore
1514 3781 1676 3851 fascinati
1699 3797 1791 3852 sunt.
1844 3781 1953 3853 Multi
1979 3807 2083 3852 nnnc
2102 3801 2223 3876 qnoque

1237 3880 1419 3964 nesciunt,
1445 3895 1617 3975 quantum
1638 3883 1770 3961 saciant
1791 3884 1897 3967 mali,
1921 3886 1985 3977 qni
2013 3887 2110 3955 idola
2133 3879 2222 3952 stabi·

1239 3981 1333 4052 liunt
1348 3981 1387 4052 iu
1402 3981 1512 4054 Missa
1534 3999 1568 4056 et
1584 3985 1622 4054 in
1637 3985 1860 4056 invocatione
1875 4001 2120 4060 mortuorum.
2168 3983 2221 4054 Sed

1238 4085 1363 4154 audire
1386 4109 1445 4154 eos
1470 4111 1591 4155 vocem
1617 4088 1775 4158 divinam
1797 4091 2004 4180 oportebat,
2042 4113 2133 4183 qnae
2148 4095 2222 4158 taxat

1237 4209 1374 4256 errores
1392 4201 1426 4257 et
1442 4203 1614 4260 monstrat
1632 4213 1750 4260 veram
1766 4189 2047 4263 invocationem.

1339 4319 1436 4390 Haec
1462 4325 1506 4391 ‹le
1532 4339 1741 4416 argumento
1775 4319 1882 4396 huius
1915 4327 2002 4398 libri
2036 4321 2225 4400 Salomonis

1237 4419 1393 4493 breviter
1409 4423 1500 4492 dixi:
1526 4451 1643 4518 quem,
1670 4426 1752 4520 quia
1769 4429 1913 4518 prodest
1929 4427 2157 4500 familiariter
2173 4449 2224 4494 na-

1237 4535 1312 4591 tum
1334 4548 1407 4593 esse
1434 4527 1618 4613 omnibus,
1645 4529 1707 4622 qui
1724 4527 1865 4600 discunt
1891 4530 2013 4604 literas
2039 4531 2140 4624 (aram
2157 4553 2226 4620 pro

1236 4624 1326 4693 secto
1358 4628 1487 4697 multas
1517 4629 1723 4699 utilissimas
1746 4631 2012 4704 admonitiones
2051 4625 2225 4718 continet),

1238 4749 1358 4794 recens
1374 4728 1413 4796 in
1430 4723 1547 4801 schola
1564 4745 1744 4826 utcunque
1760 4733 1880 4826 relegi.

1330 4853 1410 4930 Etsi
1425 4875 1540 4932 autem
1557 4866 1660 4936 virleu
1673 4869 1934 4941 enarrationem
1952 4869 2066 4942 nimis
2084 4871 2226 4942 ieiunant

1237 4982 1329 5042 esse,
1353 4957 1433 5056 οῖ’)
1450 4966 1507 5034 edi
1524 4991 1599 5036 non
1615 4969 1794 5040 volebam:
1821 4983 1941 5042 tamen
1967 4997 2011 5044 eo
2038 4975 2160 5044 minsas
2181 4993 2225 5038 re·

1236 5063 1409 5152 pugnavi,
1442 5067 1525 5159 quia
1543 5069 1655 5164 aliqui
1678 5073 1945 5159 existimabant,
1968 5076 2097 5168 plures
2124 5075 2227 5168 ipsum

1237 5161 1463 5236 Salomonem
1487 5170 1640 5242 lecturos
1662 5195 1755 5260 esse,
1790 5189 1971 5270 utcunque
1990 5173 2227 5250 commoneta-

1237 5279 1309 5336 ctos
1323 5267 1367 5336 de
1381 5291 1499 5340 rerum
1514 5275 1778 5364 magnitudine,
1804 5301 1891 5372 quas
1907 5280 1998 5350 liber
2014 5279 2185 5352 continet.

1238 5425 1460 5442 .-....,-,-,

1270 5493 1303 5561 9)
1321 5499 1362 5558 et]
1374 5494 1470 5550 excidit
1483 5493 1510 5546 iu
1527 5493 1591 5548 edit.
1604 5496 1630 5552 Ω.
1644 5505 1670 5550 et
1682 5497 1709 5550 iu
1722 5495 1797 5570 Opp.
