4730 6202
91 299 186 380 tote

97 472 165 543 No.
184 465 298 544 5201.

85 565 296 604 m

643 277 1079 368 rersroranuu

921 387 1081 538 lasne

908 543 1078 574 Μ

391 627 458 713 Io.
485 623 782 712 Drarooitue.

155 795 241 866 Epist.
260 793 307 852 tib.
319 790 354 848 ll.
371 809 398 861 p·
411 787 474 846 tte.
492 785 546 856 (cd.
558 782 649 840 Laud.
671 778 765 838 libell.
783 797 827 852 ep·
840 778 926 848 269.)-

85 947 298 1028 Reverendo
312 945 409 1032 viro,
436 937 648 1026 eruditione,
673 947 705 1008 et
722 937 851 1007 er‘rlutc
862 931 1083 1034 praestanti,

4 1061 5 1100 ³
85 1055 142 1132 D.
167 1047 378 1124 Iohanni
401 1027 899 1126 Dracouitue,'Doctori
920 1031 1082 1108 Theolo-

4 1195 5 1202 κ
82 1159 173 1256 gine
196 1155 235 1225 in
260 1149 401 1250 inclyto
425 1140 626 1216 Academia
651 1134 932 1226 Rostochr'ana,
963 1137 1083 1208 amico

412 1247 521 1320 veteri
544 1255 576 1316 et
597 1238 758 1352 apiendo,

84 1379 139 1467 S·
163 1389 208 1464 D.
259 1383 471 1460 Reverende
486 1379 559 1462 vir,
586 1376 733 1468 Semper
748 1389 781 1444 te
798 1384 942 1465 propter
963 1367 1084 1439 erudi-

4 1473 9 1512 Ι
83 1497 223 1566 tionem
253 1504 286 1559 ot
318 1488 486 1556 virtutem
521 1492 706 1550 veneratus
736 1501 825 1546 sum.
885 1471 957 1541 Nee
988 1471 1083 1538 enirn

4 1576 8 1616 ¹
85 1609 204 1690 potest
223 1591 326 1662 aliter
349 1588 507 1657 iudicare
529 1601 628 1649 mens
651 1579 764 1648 donec
781 1599 865 1644 sana
882 1586 953 1653 est,
978 1594 1084 1663 quarn

4 1679 11 1722 ³
84 1721 145 1768 res
162 1719 242 1790 esse
263 1689 412 1782 optimas
431 1682 666 1756 eruditionem
689 1692 724 1750 et
745 1677 925 1748 virtutem.
977 1669 1024 1742 Et
1046 1671 1084 1738 in

85 1795 314 1868 sermonibus
334 1813 436 1880 saepe
460 1782 545 1854 haec
568 1796 627 1852 tua
644 1793 850 1851 ornamenta
872 1771 1083 1868 praedicavi.

6 1914 12 1981 ,“
85 1899 198 1988 Quod
224 1907 338 1966 autem
364 1890 427 1960 diu
451 1883 544 1956 nihil
573 1883 756 1953 literarum
779 1882 823 1948 ad
851 1890 885 1948 te
911 1875 1010 1958 misi,
1043 1897 1083 1942 eu

4 3131 10 3171 l

4 1991 13 2032 ³
85 2004 222 2071 lactum
247 2011 315 2078 est,
346 1993 428 2086 quia
451 2013 497 2056 ne
518 2007 659 2078 possum
678 1983 821 2076 quidem
844 1979 881 2048 in
903 1975 970 2047 hac
992 1973 1084 2042 mole

4 2119 7 2132 “
85 2099 362 2192 occupationum
391 2089 437 2162 et¹
455 2086 675 2158 miseriarum
704 2083 856 2152 scribere
880 2081 924 2148 ad
953 2099 1085 2160 omues,

4 2208 8 2238 '
86 2221 244 2299 quorum
264 2192 449 2288 colloquiis
463 2190 628 2260 delectur.
670 2181 748 2254 Oro
765 2183 872 2284 igitur
886 2203 931 2248 ne
945 2180 989 2248 de
1006 2199 1084 2246 uteo

86 2304 234 2377 silentio
251 2321 348 2370 secus
361 2290 558 2386 suspiceris.
595 2286 698 2357 Nunc
712 2300 828 2354 autem
844 2305 922 2352 cum
943 2276 1001 2348 hic
1018 2274 1086 2348 ho·

4 2381 5 2390 l
87 2419 212 2478 uestus
226 2401 299 2482 vir,
325 2413 359 2469 et
373 2397 409 2465 in
425 2395 546 2482 lingua
566 2383 716 2457 Ebroeo
733 2385 893 2456 eruditus
902 2375 1084 2462 Andreas,

4 2507 14 2548 ⁹
84 2513 180 2582 istuc
199 2505 311 2574 iturus
332 2510 465 2591 peteret
481 2495 525 2564 ad
544 2507 577 2562 te
593 2489 795 2580 epistolam,
818 2499 859 2556 ut
872 2485 1016 2554 aditum
1040 2482 1085 2548 ad

4 2613 9 2654 ²
86 2627 128 2684 te
162 2606 304 2676 baberet
332 2599 548 2678 faciliorem,
580 2593 660 2660 dedi
689 2591 858 2666 libenter,
889 2599 924 2656 et
953 2607 1028 2652 mea
1053 2595 1088 2651 et

4 2716 9 2754 ''
86 2713 205 2804 ipsius
222 2727 334 2775 causa.
386 2699 460 2772 Scit
483 2713 516 2766 te
539 2695 706 2764 excellere
723 2689 925 2780 cognitione
947 2685 1087 2773 linguae

86 2813 264 2892 Ebraeae,
288 2827 393 2898 quam
411 2823 490 2872 curn
512 2797 585 2888 ipse
600 2809 634 2866 et
649 2792 825 2876 didicerit,
846 2803 881 2859 et
896 2789 935 2858 in
951 2786 1087 2856 Acade-

89 2913 168 2986 mia
190 2921 308 2980 nostra
332 2901 513 2984 docuerit,
539 2911 572 2968 te
593 2917 736 2989 quoque
757 2891 900 2975 audire,
926 2903 960 2960 et
978 2888 1088 2956 inter-

87 3021 182 3088 dum
202 3023 235 3084 te
254 3005 436 3077 consulere
450 3000 556 3093 cupit.
608 2995 650 3068 ln
666 2995 771 3066 bouis
791 2992 929 3062 naturis
951 2989 1090 3060 studio-

88 3140 177 3191 rum
201 3109 397 3182 similitudo
428 3103 626 3172 voluntates
654 3095 848 3183 coniungit.
907 3091 1027 3180 Quare
1058 3099 1089 3158 te

4 3231 18 3276 Γ
87 3245 178 3301 oro,
202 3227 241 3284 ut
264 3209 360 3280 huuc
378 3208 421 3275 de
447 3219 479 3276 te
503 3201 678 3294 praeclare
702 3197 909 3266 sentientem
932 3207 1091 3288 arnanter

88 3311 348 3406 toruplectaris.
382 3303 583 3398 Experieris
597 3302 713 3370 virum
728 3294 928 3378 honestum,
944 3307 1091 3374 rectum,

4 3445 10 3484 ²
90 3438 130 3494 et
154 3417 344 3488 sorididum
369 3431 453 3482 esse.
505 3405 544 3476 Si
568 3403 643 3472 istic
665 3400 884 3470 desideratur
901 3395 1089 3466 Gramma-

4 3544 11 3586 !
92 3525 185 3596 ticae
208 3514 366 3588 Ebraeae
394 3511 521 3590 lector,
554 3515 683 3598 quaeso
705 3515 745 3570 ut
770 3501 818 3570 sis
842 3493 1021 3580 bortatur,
1051 3507 1091 3563 ut

1130 279 1240 358 LlB.
1267 277 1349 354 ΧΗ.
1404 280 1537 358 1552.
2032 281 2133 354 1070

1134 467 1214 516 rum
1239 445 1284 538 de
1306 443 1422 528 bello,
1447 443 1543 537 quod
1569 441 1605 512 in
1631 443 1811 532 germania
1831 456 1966 514 motum
1988 455 2041 512 est
2062 435 2131 516 boc

1134 569 1229 618 anno
1237 597 1249 630 ,
1277 557 1394 616 tamen
1409 545 1536 614 rectius
1550 567 1622 614 esse
1637 545 1769 629 iudico,
1793 543 2030 614 mediocribus
2043 566 2134 612 con-

1134 647 1331 718 ditionibus
1349 645 1425 714 sine
1445 645 1593 732 scelere,
1618 669 1738 738 pacem
1757 669 1830 715 csse
1852 645 1999 729 laetam,
2023 665 2131 738 quam

1134 749 1172 820 in
1188 746 1300 840 patria
1312 747 1628 818 facerevastitatem
1644 761 1676 817 et
1693 739 1890 842 ἀναρχίαν.
1918 769 1958 814 ac
1973 745 2130 834 deogra-

1134 851 1200 922 tias
1216 873 1301 939 ago,
1326 851 1421 942 quod
1439 861 1472 918 et
1488 873 1608 940 pacem
1624 843 1680 916 bis
1695 849 1899 938 regionibus
1914 841 2129 916 mediocrem

1135 949 1305 1036 restituit,
1327 965 1361 1018 et
1378 947 1635 1020 Celsitudinem
1658 963 1807 1020 vestram
1829 947 1969 1020 reduxit
1991 947 2130 1016 incolu-

1132 1077 1248 1136 mem,
1274 1065 1308 1120 et
1325 1074 1388 1122 oro
1405 1052 1530 1138 deum,
1555 1063 1594 1122 ut
1611 1051 1775 1142 deinceps
1791 1064 1826 1122 et
1849 1061 1962 1120 servet
1977 1045 2130 1120 Celsitu-

1135 1153 1253 1224 dinem
1269 1167 1417 1222 vestram
1433 1165 1467 1222 et
1481 1153 1654 1236 gubernet
1671 1164 1804 1220 mentes
1821 1151 1980 1220 omniurn
1998 1152 2131 1218 docen-

1135 1255 1223 1326 tium
1240 1268 1273 1325 et
1287 1253 1563 1344 gubernatorum
1578 1255 1621 1322 ad
1637 1254 1782 1324 salutern
1800 1251 1989 1344 publicam.
2026 1247 2131 1320 Nunc

1134 1369 1252 1426 autem
1282 1357 1491 1424 commendo
1524 1352 1739 1424 Celsitudini
1767 1369 1901 1424 vestrae
1929 1347 2024 1421 hunc
2051 1343 2129 1418 Αη-

1135 1451 1260 1528 drcam
1293 1449 1536 1547 Wcsliugum
1560 1459 1703 1524 eloctum
1728 1470 1760 1524 et
1788 1449 1975 1524 honestum
2000 1452 2131 1532 vintru,

1136 1559 1198 1651 qui
1221 1571 1256 1628 et
1276 1559 1370 1648 apud
1396 1579 1478 1636 uus,
1514 1571 1549 1626 et
1570 1557 1608 1624 in
1632 1553 1821 1626 Academia
1846 1554 2131 1646 Regiomuntaua

1138 1662 1293 1750 linguam
1309 1653 1463 1726 Ebream
1476 1657 1627 1726 fideliter
1642 1659 1773 1730 docuit.
1824 1653 1997 1727 Existimo
2013 1668 2129 1724 autem

1136 1762 1175 1830 in
1199 1759 1389 1829 Academia
1412 1755 1652 1830 Rostocbiaua
1675 1757 1870 1828 desiderari
1899 1757 2130 1849 professorem

1136 1862 1200 1957 qui
1224 1861 1474 1950 grammaticen
1503 1857 1657 1930 Ebream
1686 1861 1832 1929 adsidue
1858 1863 1990 1930 doceat.
2053 1853 2130 1926 Etsi

1137 1963 1231 2032 euim
1252 1962 1306 2030 vir
1323 1962 1545 2030 doctissimus
1564 1955 1754 2030 lohannes
1769 1957 1992 2030 Draconilcs
2009 1956 2042 2027 T
2046 1953 2131 2026 beo·

1137 2061 1391 2154 logiaeDoctor
1404 2057 1654 2152 interpretatur
1668 2057 1867 2152 prophetas,
1884 2077 1998 2132 tamen
2014 2081 2131 2148 gram·

1136 2165 1289 2236 matircu
1309 2165 1508 2255 praelegere
1534 2177 1567 2234 et
1589 2177 1745 2256 repetere
1769 2188 1849 2232 eum
1872 2187 1947 2232 non
1966 2163 2131 2232 arbitror.

1138 2267 1329 2356 Praecipue
1343 2289 1426 2334 vero
1445 2289 1535 2355 opus
1550 2279 1600 2336 est
1617 2267 1763 2334 adsidua
1785 2265 1992 2356 repetitione
2015 2283 2132 2350 graut-

1138 2369 1292 2440 matices.
1344 2366 1464 2456 Quare
1480 2363 1735 2436 Celsitudiuem
1758 2379 1908 2436 vestram
1932 2375 2133 2434 reverenter

1138 2495 1213 2550 oro,
1228 2483 1266 2538 ut
1282 2463 1348 2537 hoc
1362 2469 1466 2538 etiam
1483 2466 1653 2538 beneficio
1669 2465 1895 2538 Academiam
1912 2475 2025 2550 ornet,
2042 2451 2134 2555 qnae

1138 2595 1235 2641 nunc
1251 2571 1343 2638 inter
1360 2593 1428 2652 eas,
1454 2595 1543 2662 quae
1558 2570 1597 2638 iu
1612 2565 1916 2639 uostrisEcclesiis
1932 2581 2026 2646 sunt,
2049 2563 2134 2632 crni-

1139 2699 1177 2743 ca
1191 2673 1313 2754 lloret,
1338 2671 1497 2740 uranium
1516 2671 1645 2741 artium
1665 2683 1699 2739 et
1716 2669 1917 2760 linguarum
1936 2665 2072 2748 studiis,
2099 2675 2133 2734 et

1139 2797 1220 2864 sepe
1245 2772 1401 2840 iudicavi
1425 2771 1645 2842 domicilium
1670 2772 1910 2840 doctrinarum
1934 2767 2134 2838 durabilius

1139 2879 1214 2946 lore
1229 2865 1443 2956 Rostochii,
1469 2897 1573 2966 qnam
1591 2873 1629 2942 in
1644 2873 1723 2941 aliis
1740 2873 1955 2964 regionibus,
1979 2869 2042 2939 ubi
2058 2881 2133 2938 stu·

1141 2979 1199 3046 dia
1216 2977 1397 3045 literarum
1415 2975 1471 3043 rel
1493 2975 1612 3060 bellis,
1637 2975 1693 3043 vel
1714 2975 1888 3043 bellorum
1904 2984 2000 3041 metu
2022 2970 2135 3057 impe-

1141 3080 1301 3149 diuntur.
1351 3073 1424 3149 Nec
1439 3101 1523 3146 vero
1538 3076 1662 3146 dubito
1684 3077 1903 3166 profuturam
1922 3097 1994 3142 esse
2018 3064 2136 3142 Wes-

1142 3177 1242 3272 lingi
1255 3201 1398 3270 operam
1421 3177 1615 3258 iuventuti,
1640 3177 1721 3270 quia
1739 3189 1773 3246 et
1790 3189 1881 3245 recte
1897 3177 2021 3244 doctus
2035 3185 2086 3241 est
2101 3185 2136 3240 et
2219 3221 2224 3228 -

1143 3281 1255 3350 fidelis
1277 3293 1311 3351 et
1335 3279 1519 3348 candidus.
1569 3275 1647 3348 Oro
1668 3293 1786 3348 autem
1810 3278 1920 3346 lilium
1943 3276 1998 3344 dei
2019 3271 2136 3342 dumi-

1143 3407 1229 3452 num
1255 3395 1416 3450 nostrum
1437 3381 1549 3450 lesum
1567 3376 1765 3463 Christum,
1792 3393 1830 3448 ut
1851 3390 1964 3447 servet
1982 3374 2137 3446 Celsitu-

1143 3485 1263 3554 dinem
1277 3496 1428 3552 vestram
1452 3481 1686 3564 incolumem,
1712 3493 1744 3550 et
1764 3481 1841 3568 pias
1856 3475 2030 3548 Ecclesiae
2055 3475 2137 3544 ubi-

12 3641 18 3683 :
92 3623 189 3698 baur
207 3615 335 3688 laboris
349 3625 481 3704 partem
498 3603 580 3678 lruic
600 3602 747 3674 honesto
763 3602 840 3671 siro
858 3601 1023 3668 mandent
1042 3591 1092 3678 lri,
1145 3611 1214 3681 que
1231 3599 1400 3676 protegar.
1450 3581 1548 3654 Bene
1571 3596 1606 3653 el
1625 3581 1798 3652 foeliciter
1819 3579 1931 3650 valeat
1954 3576 2137 3648 Celelltl‘h

5 3753 17 3792 :-
92 3725 159 3822 qui
176 3719 260 3792 baec
274 3714 419 3786 consilia
434 3711 643 3800 gubernant.
682 3705 762 3773 Non
778 3701 903 3770 dubito
918 3700 993 3770 cius
1007 3721 1091 3786 ope-

4 3861 7 3894 :
96 3851 173 3900 ram
198 3817 374 3890 iuventuti
394 3813 612 3907 profuturam
634 3827 718 3879 esse.
771 3801 867 3872 Bene
891 3815 922 3870 et
945 3800 1093 3870 feliciter

4 3967 11 4000 .·
94 3927 190 3998 sale,
246 3913 485 4010 ercbergae
502 3912 559 3980 die
581 3909 637 3983 10.
654 3905 835 4000 Septemb.
857 3901 965 3974 1552.

4 4073 12 4090 ,-
117 4084 1092 4132 -.......---------—-·---

921 4213 963 4272 l0
991 4201 1079 4284 Sept.

914 4293 1085 4324 Μ

921 4325 928 4342 ἱ

291 4397 491 4484 Iolurcni
517 4391 712 4480 Alberto
746 4389 805 4474 D.
835 4387 904 4469 Μ.

170 4579 193 4650 'l'
212 4576 246 4630 Es
261 4562 426 4642 autographo
439 4564 621 4620 illelsotbonis
636 4563 663 4616 in
674 4562 698 4616 Τ
699 4561 803 4643 abulae.
818 4570 917 4614 secret.
928 4553 1097 4628 sutrinensi,

205 4645 336 4713 descripta
349 4661 365 4694 a
380 4637 490 4692 Clariss.
503 4635 609 4702 ls'vers,
626 4635 746 4686 talmbuu
759 4633 832 4686 ttbus
846 4629 992 4700 praelecto.

5 4809 6 4818 ’
99 4794 370 4874 illustrissimo
385 4785 553 4882 l’riucipi
566 4771 807 4868 uc'Dmnino,
834 4777 1001 4851 Dornr'uo
1017 4773 1042 4846 I
1051 4801 1097 4846 o-

98 4899 252 4974 Acrnui
279 4893 468 4966 eilberto
497 4885 598 4956 troci
623 4887 663 4954 in
686 4879 950 4976 allekcladurg,
985 4875 1095 4948 Prin·

99 5004 177 5102 cipi
191 5002 422 5078 timueram,
448 4981 588 5062 Comiti
605 4989 643 5057 in
660 4985 804 5068 Surrin,
830 4979 1041 5053 etDominn
1057 4977 1096 5046 iu

4 5095 5 5102 ¹
98 5097 296 5200 Sturgurd
313 5107 344 5170 el
364 5085 527 5170 ttostoch
551 5099 615 5164 etc.
665 5081 831 5182 Principi
851 5109 922 5154 suo
943 5079 1095 5152 elersen-¹

522 5191 677 5264 tissima.

99 5327 149 5412 S.
174 5335 220 5410 D.
274 5327 511 5406 illustrissime
532 5323 702 5415 Princeps
724 5335 757 5392 et
772 5317 927 5390 Domine
943 5295 1094 5384 clemen-⁵

98 5441 245 5514 tissime.
295 5431 374 5506 Etsi
396 5427 646 5502 dissimilitudo
670 5425 843 5520 quaedam
866 5431 918 5490 est
945 5415 1097 5487 iudicio-

1145 3701 1270 3760 vestra.
1320 3683 1555 3774 Witebergae
1580 3679 1687 3754 Auno
1714 3681 1821 3756 1552.
1843 3681 1901 3749 die
1918 3679 1963 3752 Χ.
1978 3679 2138 3770 Septem·

1144 3789 1237 3872 bris,
1263 3811 1332 3880 quo
1359 3799 1441 3856 ante
1461 3809 1573 3854 annos
1589 3784 1639 3854 96
1654 3777 1845 3853 Iohannes
1865 3776 2061 3850 Huniades
2083 3779 2140 3848 rir

1145 3889 1376 3966 fortissumis,
1402 3911 1481 3956 curn
1497 3886 1631 3975 ingenti
1650 3887 1762 3977 prelio
1778 3880 2024 3953 Maltomelum
2042 3879 2141 3950 ‘l'ur-

1145 3993 1257 4061 cicnrn
1274 3989 1484 4086 Tyrannum
1498 3988 1602 4060 tertio
1615 4011 1711 4056 anno
1727 3999 1806 4079 post
1820 3999 1954 4076 captam
1964 3982 2142 4056 Constan-

1146 4091 1344 4180 tinopolin,
1371 4089 1543 4162 foeliciter
1565 4089 1722 4176 vicisset,
1756 4100 1873 4182 postea
1890 4087 2003 4155 victor
2023 4082 2142 4154 storbo

1148 4209 1311 4264 mortuus
1329 4207 1393 4266 cst.

1403 4319 1620 4394 Celsitudiui
1634 4331 1771 4387 vostrae

1697 4445 1916 4520 Reverenter
1932 4444 2096 4514 addictus

1677 4577 1868 4674 Philippus
1895 4573 2122 4648 Melanthea.

1161 5007 1227 5078 No.
1245 5001 1358 5076 5203.

1155 5103 1372 5138 Nm

1780 5013 1834 5072 11.
1861 4999 1945 5084 Sept
1981 4999 2138 5094 (wass.)

1763 5093 2122 5136 m

1501 5191 1550 5280 b'.
1580 5191 1797 5278 Procrin.

1216 5370 1302 5442 Epist·
1318 5369 1366 5423 lib.
1382 5367 1416 5424 ll.
1432 5384 1459 5434 p.
1471 5367 1534 5420 tte.
1548 5365 1625 5432 (sclit-
1638 5363 1730 5420 tend.
1748 5361 1798 5416 lib·
1808 5359 1849 5414 11.
1860 5375 1904 5430 sp.
1914 5355 1995 5425 432).
