4624 6216
217 283 293 358 987

220 449 415 526 necessaria
435 449 492 522 sit.
542 445 666 544 lteqne
683 445 779 542 quod
793 459 915 517 nostre
937 466 1040 514 causa
1059 443 1218 514 laborem

220 555 388 648 suscipis,
421 551 488 625 tihi
510 552 658 642 gratiam
680 545 808 620 habeo.
858 541 1120 616 Facftsiartam
1145 543 1220 635 epi-

222 657 348 730 stolam
363 653 492 744 accepi.
544 652 664 726 Tuum
680 651 787 724 ctiam
803 649 972 738 scriptum
988 649 1033 717 de
1049 641 1116 716 hoc
1133 647 1220 716 ado-

222 759 374 828 lescente
389 750 543 826 Lasaro
557 753 675 828 statim
690 746 836 820 exhibui
852 740 1070 818 Melchiari.
1115 744 1219 816 Nunc

225 861 345 950 igitur,
371 858 466 952 quod
482 856 634 925 faustum
649 867 684 924 ct
699 853 807 936 foelix
822 851 880 938 sit,
903 843 1081 920 Lasarus
1096 847 1140 916 ad
1156 867 1221 916 ros

225 961 292 1030 iter
307 959 406 1042 facit,
432 981 537 1050 quem
558 955 625 1028 tibi
640 954 861 1026 commendo.
912 949 1044 1046 Spero,
1069 944 1136 1018 hos
1151 947 1220 1018 La-

225 1081 338 1144 saros,
361 1059 397 1129 id
421 1071 493 1140 est,
518 1080 583 1126 nos
605 1077 746 1138 omnes,
774 1053 850 1124 Deo
869 1076 974 1122 curae
993 1053 1088 1136 fore,
1113 1049 1220 1120 etiam

223 1163 262 1230 in
276 1155 576 1252 hisimperiorum
594 1157 818 1228 tumultibus.

322 1321 428 1394 Nunc
450 1321 637 1392 nobiscum
662 1332 714 1390 est
733 1315 868 1389 Doctor
892 1309 1084 1388 lohannes
1107 1308 1222 1384 Auri-
1273 1355 1281 1372 ·

215 1421 350 1524 saber,
378 1424 441 1518 qui
471 1424 546 1492 edit
573 1421 724 1490 formam
753 1416 990 1490 Ecclesiarum
1016 1415 1222 1507 Megalbur-

222 1526 396 1616 geasium.
461 1521 553 1594 Cum
587 1521 748 1592 absoluta
779 1521 887 1594 fuerit
921 1519 1048 1603 editio,
1082 1517 1220 1587 mittam

223 1627 328 1698 vobis
348 1625 519 1716 exempla.
570 1621 682 1713 Spero
702 1621 891 1692 lectionem
915 1621 982 1692 tibi
1005 1643 1078 1692 non
1102 1619 1222 1708 ingra-

223 1743 297 1800 tam
329 1727 417 1800 fore.
488 1724 542 1796 De
576 1724 671 1792 bello
701 1736 845 1816 expecto
879 1735 957 1791 tuas
987 1720 1221 1792 narrationes.

223 1827 322 1900 Bene
351 1841 388 1900 et
416 1824 568 1896 feliciter
596 1824 685 1894 vale.
744 1824 803 1894 die
833 1822 897 1900 25.
921 1821 1068 1913 Aprilis.
1112 1817 1221 1894 1552.

223 1928 381 2002 Salutem
398 1927 599 2019 robisopto
616 1917 666 2021 ¹¹).
970 2019 1026 2096 Ph
1064 2020 1106 2094 M

223 2411 420 2539 Q·
1067 2408 1221 2494 crept.

1082 2499 1216 2525 m

566 2603 618 2692 fi.
648 2603 874 2693 Fabricio.

278 2751 379 2855 Spin.
395 2779 444 2835 lib.
457 2777 491 2834 V.
509 2795 537 2850 p.
550 2779 603 2832 tea
615 2797 658 2850 sq.

262 2933 472 3033 Georgia
496 2930 743 3021 Fabricio,
767 2931 996 3028 gubernanti
1017 2926 1184 3009 scisciam

604 3033 849 3110 Misaeasem.

226 3173 450 3262 charissime
472 3186 592 3259 frater.
642 3181 721 3256 Etsi
741 3187 903 3254 nondum
926 3209 1071 3277 prorsus
1092 3167 1220 3256 abiicio

226 3311 323 3378 spem
339 3287 445 3378 pacis,
466 3282 595 3358 etheri
609 3287 765 3356 intellexi
781 3299 942 3356 nostrum
957 3285 1123 3382 ἄρχοντα
1139 3311 1222 3379 pro-

227 3391 357 3458 fectum
385 3411 458 3459 esse
486 3391 530 3458 ad
552 3386 686 3477 Regem
715 3381 1018 3475 Ferdt'rtaadnm3
1053 3389 1222 3460 tamensi

228 3489 296 3560 erit
310 3489 462 3575 bellum,
489 3504 523 3560 et
537 3491 750 3563 lacerabitur
764 3487 957 3560 Germania
974 3489 1069 3560 civili
1087 3491 1222 3560 discor-

228 3589 305 3674 dia,
331 3591 500 3682 quamsit
519 3593 751 3661 necessarium
772 3591 877 3660 nobis
898 3591 990 3661 tueri
1011 3615 1223 3663 consensum

228 3691 428 3772 doctrinae,
455 3694 528 3784 ipse
545 3693 700 3761 iudicare
717 3704 825 3782 potes.
880 3691 997 3761 Vitavi
1013 3693 1122 3780 igitur
1136 3717 1221 3763 con-

229 3813 385 3882 gressum
416 3791 537 3876 illum,
575 3791 638 3884 qui
665 3793 767 3860 novis
793 3792 978 3863 calumniis
1004 3797 1221 3866 occasionem

229 3891 459 3984 praebuisset.
516 3891 587 3963 Sed
611 3887 675 3962 has
698 3893 926 3980 cogitationes
954 3917 1077 3966 omnes
1101 3897 1223 3968 obruit

232 3994 317 4062 belli
339 3993 452 4111 futuri
473 4007 599 4066 metus.
648 3987 725 4064 teu
743 3987 819 4090 γὰρ
842 3992 932 4088 ἄλλη
954 3993 1132 4092 συμφορὰ
1153 3992 1222 4090 τὴν

232 4115 458 4190 tttrthtopcat.¹

334 4260 488 4333 Accessit
509 4253 565 4328 his
580 4260 705 4330 diebus
719 4261 765 4330 ad
779 4273 912 4330 caetera
933 4259 1093 4349 prodigia
1110 4275 1223 4332 terrae

234 4377 349 4433 motus
371 4363 407 4430 in
424 4355 625 4454 Snebergo,
645 4375 678 4431 et
696 4363 733 4430 in
750 4357 820 4429 illis
837 4355 991 4430 horridis
1010 4361 1100 4449 iugis
1119 4387 1223 4432 mon·

232 4465 322 4537 tium
337 4459 587 4532 Francicorum
605 4462 643 4529 in
659 4461 786 4531 vicinia
798 4454 945 4546 Curiae,
970 4477 1010 4532 ut
1026 4463 1225 4548 nominant,

234 4565 368 4660 oppidi.
423 4562 553 4654 Spero,
589 4561 721 4632 Filium
747 4558 834 4662 Dei,
868 4568 1048 4634 custodem
1074 4566 1150 4635 fore
1171 4567 1225 4638 tui

234 4665 402 4756 agminis,
427 4677 478 4744 et,
505 4677 545 4732 nt
569 4663 677 4732 leniat
703 4687 850 4753 poenas,
882 4679 956 4734 toto
980 4679 1119 4758 pectore
1143 4690 1224 4737 eum

235 4794 319 4843 oro.
359 4761 457 4836 Beue
473 4778 507 4836 et
521 4763 670 4835 feliciter
684 4765 774 4836 vale.
823 4761 891 4836 Die
906 4765 968 4838 27.
981 4763 1128 4860 Aprilis.

267 5043 300 5116 θ)
320 5039 462 5122 Adsccipta
479 5038 525 5094 hie
546 5038 672 5108 leguntur
692 5037 725 5092 ab
744 5054 791 5100 eoa
822 5045 853 5090 ιιι
873 5037 994 5109 ridetur,
1018 5039 1066 5113 qni
1087 5042 1227 5116 descripsit

303 5107 373 5166 hanc
390 5107 548 5178 epistolam,
566 5107 647 5161 baec:

335 5199 462 5271 „Eodem
487 5197 531 5252 die
556 5198 600 5252 25.
620 5197 720 5268 Aprilis
746 5193 811 5251 dixit
835 5199 870 5251 D.
889 5197 937 5253 Ph.
961 5199 993 5254 sd
1013 5199 1096 5256 Doet.
1116 5205 1226 5258 Aurife-

302 5271 398 5332 brutn,
418 5285 461 5322 me
479 5277 504 5319 et
522 5267 607 5319 astte
625 5275 781 5336 praesente:
805 5268 854 5332 Sti)
873 5269 943 5337 batt,
963 5270 1010 5332 tei
1029 5277 1084 5328 atet
1101 5275 1226 5340 primaten

305 5341 360 5406 lem
386 5339 436 5392 ιιιιι
458 5335 502 5404 het
526 5337 594 5401 belet
613 5340 766 5403 gratante:
798 5337 852 5388 anti
873 5355 988 5406 pugnem
1009 5337 1226 5406 Centaurorum

275 5423 280 5438 '
305 5407 354 5472 hab
372 5419 417 5463 ιιι
436 5408 545 5460 ntemett
563 5405 613 5460 tete
634 5421 751 5474 pugnem
771 5405 900 5476 mitius?

814 268 1252 351 setsronenuu
1310 265 1527 348 utnxu.
1558 265 1689 345 esse.
1811 245 1816 252 '

1279 437 1347 514 No.
1367 437 1482 510 etos.

1273 537 1487 576 Μ
1596 635 1667 724 Μ.
1694 635 1930 749 Heliagiae

1337 813 1713 890 Qmffiffipfflm

1511 981 1758 1058 Mauritia
1783 983 2021 1082 Helingia.

1271 1136 1319 1226 S.
1343 1145 1388 1222 D.
1437 1143 1594 1220 Charias.
1607 1147 1771 1222 Mauriti.
1805 1147 1952 1242 Semper
1967 1149 2081 1220 usitata
2094 1146 2197 1232 inerunt,

1271 1265 1354 1324 sunt
1376 1264 1412 1322 et
1434 1265 1540 1323 erunt
1562 1251 1666 1322 exilia
1683 1247 1862 1320 Ecclesiae
1885 1263 1920 1322 et
1940 1245 2139 1321 scholasticis.
2172 1244 2199 1316 lt

1271 1353 1451 1424 mterdum
1484 1352 1594 1446 aliqui
1626 1365 1800 1442 vagantur
1834 1352 1994 1442 ignavia,
2024 1349 2118 1446 aliqui
2136 1349 2202 1418 etim

1271 1455 1367 1524 malo
1388 1455 1558 1536 consilio,
1585 1453 1697 1546 aliqui
1717 1453 1877 1528 stultitia.
1927 1453 1999 1525 Sed
2023 1466 2122 1522 tamen
2138 1451 2203 1518 nise

1272 1555 1423 1626 ricordia
1439 1581 1575 1640 eorum,
1601 1555 1664 1646 qui
1678 1577 1751 1623 non
1768 1571 1852 1626 sunt
1867 1555 1964 1640 meli,
1990 1553 2171 1634 adiciamur,
2180 1563 2205 1626 ιι

1271 1657 1335 1726 ubi
1359 1679 1562 1748 possumus,
1588 1655 1768 1749 aliquibus
1787 1655 1963 1726 leniamus
1978 1654 2131 1728 miserias.
2167 1651 2208 1719 llit

1272 1751 1446 1828 Francus
1461 1771 1564 1827 natus
1579 1757 1618 1826 in
1632 1757 1765 1846 oppido
1779 1749 1826 1826 F
1821 1750 2065 1838 rillcrtftusen,
2086 1777 2146 1822 noa
2159 1776 2208 1843 pro

1273 1859 1352 1930 cula
1369 1857 1603 1947 Wirtzburg,
1629 1849 1810 1928 Michaet
1823 1853 2032 1940 discederes,
2056 1851 2211 1944 homopee

1273 1983 1354 2053 per,
1380 1963 1458 2046 sed,
1484 1973 1523 2030 ut
1546 1959 1727 2045 existimo,
1754 1983 1826 2030 non
1844 1959 1980 2042 malus,
2007 1954 2213 2037 huevenit,ttt

1272 2063 1310 2132 iu
1321 2057 1511 2131 Academia
1527 2061 1672 2134 viveret.
1707 2059 1864 2130 indicavi
1881 2061 1913 2128 ei
1930 2061 2054 2130 utilius
2068 2079 2140 2138 esse,
2154 2077 2216 2123 eter-

1272 2164 1343 2234 ccri
1358 2162 1397 2232 in
1414 2159 1652 2232 Grammatica
1667 2163 1705 2230 in
1721 2178 1780 2234 tua
1796 2155 1946 2245 Schola,
1972 2159 2105 2230 etiamsi
2119 2153 2219 2226 habetet

1271 2263 1452 2338 viaticum.
1503 2257 1581 2333 Oro
1606 2263 1732 2352 igitur,
1763 2277 1804 2334 ut
1824 2261 1956 2332 alicubi
1973 2263 2102 2331 misero
2118 2278 2219 2351 quaeras

1272 2359 1466 2454 hospitium
1496 2364 1536 2432 in
1558 2365 1690 2455 oppido
1714 2378 1843 2438 vestro.
1908 2361 1999 2450 Hic,
2034 2385 2111 2433 cum
2131 2359 2221 2428 cirion

1273 2479 1416 2556 sumptu
1438 2465 1557 2534 alendi
1582 2455 1653 2534 sint
1675 2467 1825 2558 milites,
1857 2463 1976 2534 minus
2003 2475 2112 2556 potest
2128 2455 2223 2529 consuli

1273 2567 1488 2660 pauperibus
1509 2560 1736 2636 scholasticis.
1787 2564 1904 2636 Habet
1927 2563 2161 2638 testimouium
2178 2583 2225 2628 ne

1274 2668 1406 2737 destiae
1420 2691 1440 2735 a
1456 2665 1684 2759 Praeceptore
1701 2692 1777 2748 stro,
1803 2691 1908 2760 quem
1923 2669 2064 2736 audivit
2076 2667 2113 2734 iu
2127 2659 2227 2734 Salinis
2280 2729 2281 2735 χ

1274 2767 1329 2838 Τι
1352 2792 1435 2852 oro,
1458 2781 1515 2852 ut,
1541 2768 1572 2838 si
1598 2771 1747 2858 poteris,
1773 2763 1856 2838 ltuic
1872 2759 2028 2838 Lasaro
2045 2790 2141 2858 opem
2162 2765 2228 2832 ient

1274 2867 1370 2954 Scis,
1394 2869 1470 2938 Deo
1487 2863 1572 2938 haec
1586 2870 1700 2938 officia
1717 2885 1815 2960 grata
1832 2892 1915 2943 esse.
1952 2869 2054 2940 Bene
2068 2869 2150 2936 vale.
2181 2861 2230 2934 Pri·

1274 2967 1732 3054 trecanensium.
2286 2961 2288 3018 l

1968 3081 2166 3179 Philippus.
2287 3018 2290 3146 l

1272 3485 1339 3558 No.
1354 3483 1467 3558 5104.

1278 3579 1450 3611 Μ

2036 3487 2242 3573 (forem-Ani
2289 3531 2290 3626 p

2058 3583 2239 3616 Μ
2289 3627 2290 3636 ¹

1627 3680 1724 3769 Aa.
1755 3679 1914 3770 Cerea.

1340 3859 1362 3923 †
1378 3853 1416 3910 Er
1430 3856 1586 3930 apographo
1598 3855 1628 3912 in
1643 3855 1706 3914 cod.
1720 3853 1805 3912 Paris.
1818 3855 1856 3912 D.
1867 3855 1898 3913 Ι..
1913 3857 1946 3911 51
1952 3857 1973 3914 ⁸.

1324 4024 1519 4125 Magistra
1544 4024 1720 4201 Adamp
1745 4023 1916 4150 Curso,
1954 4033 1995 4103 ia
2023 4029 2216 4108 Academia

1718 4155 1851 4208 enenst.

1275 4262 1323 4352 S.
1348 4275 1394 4350 D.
1443 4275 1632 4350 Carissime
1647 4276 1796 4352 Adame.
1848 4279 2013 4352 Delector
2037 4297 2073 4353 et
2097 4283 2221 4354 virtute
2231 4291 2255 4348 et

1274 4379 1521 4454 benevolentia
1542 4395 1601 4452 tua
1624 4403 1706 4472 erga
1729 4406 1808 4465 me,
1837 4406 1877 4452 ac
1891 4379 2006 4452 Deum
2026 4407 2112 4468 oro,
2138 4395 2220 4456 utte
2233 4391 2257 4448 et

1276 4483 1454 4552 auditores
1477 4497 1557 4554 tuos
1578 4493 1690 4552 servet
1711 4481 1927 4566 incolumes,
1954 4499 1987 4556 et
2002 4505 2148 4574 gregem
2162 4483 2257 4553 imbe-

1276 4583 1399 4654 cillum
1416 4579 1594 4654 Ecclesiae
1619 4605 1720 4668 suae,
1746 4585 1875 4676 dequo
1890 4584 1995 4654 dixit:
2022 4609 2065 4654 ex
2081 4610 2146 4656 ore
2159 4585 2260 4654 infan-

1276 4683 1365 4752 tium
1388 4697 1422 4754 et
1436 4683 1645 4756 lactantium
1660 4683 1835 4774 perfecisti
1852 4685 2015 4772 laudem,
2042 4689 2217 4777 gubernet
2231 4705 2260 4751 ec

1277 4796 1453 4876 protegat,
1477 4807 1517 4854 ac
1533 4783 1728 4856 multorum
1742 4799 1877 4860 mentes
1895 4809 1976 4885 cera
1991 4788 2153 4860 amicitia
2168 4807 2261 4880 capu-

1277 4886 1345 4968 let,
1376 4899 1416 4956 ut
1436 4909 1549 4956 unum
1572 4885 1711 4975 inipso
1734 4886 1855 4960 simus.
1912 4883 2050 4958 Eodem
2073 4891 2137 4960 die
2158 4891 2260 4959 literas

1275 5010 1296 5058 a
1312 4985 1388 5056 viro
1406 4984 1599 5056 clarissimo
1614 4979 1823 5072 Illt'cftae'lc,
1846 5002 1943 5079 patre
1956 4990 2011 5059 tui
2027 4990 2206 5062 auditoris
2218 5011 2264 5058 ae·

1276 5088 1373 5180 cepi,
1408 5111 1479 5180 quo
1505 5101 1586 5158 tuae
1611 5084 1702 5156 mihi
1727 5083 1904 5159 exhibitae
1929 5103 2023 5162 sunt.
2082 5089 2158 5162 Cui
2181 5092 2262 5160 iden

1278 5190 1497 5280 respondebo
1526 5190 1622 5281 quod
1649 5189 1715 5258 tibi
1741 5190 1811 5260 iam
1836 5189 2014 5278 significo,
2046 5187 2142 5260 milti
2164 5185 2263 5260 videri

1278 5291 1497 5362 commodius
1521 5313 1614 5374 esse,
1647 5303 1688 5361 ut
1704 5288 1807 5362 lenae
1822 5293 1993 5362 maneatis
2007 5291 2264 5386 aliquantisper,

1249 5393 1389 5474 tdonec
1430 5391 1630 5474 videamus,
1677 5413 1724 5462 att
1758 5403 1888 5464 aestate
1924 5391 1971 5464 sit
2003 5393 2185 5466 salubrius
2217 5387 2264 5460 ltlt
