4522 6098
333 1440 681 1531 ANNALES
723 1444 940 1528 VITAE
975 1441 1289 1532 PHllslPPl
1328 1439 1864 1533 MathANtlloNlS.

974 1660 1241 1680 *Μυο-

937 1857 1104 1934 ANNO
1144 1860 1273 1939 1548.

124 1971 185 2034 lul.

152 2084 185 2142 2.
220 2068 395 2132 Conventus
409 2069 548 2130 ordinum
562 2067 709 2148 misniae,
735 2070 772 2131 ad
787 2091 878 2154 quern
892 2076 982 2133 etiam
999 2069 1177 2135 Melanthos]
1196 2075 1401 2157 proficiscitur.

149 2183 182 2243 6.
218 2167 372 2233 Iudicium'
386 2177 541 2254 prolixum
556 2170 785 2254 Theologorum
801 2177 834 2234 iu
850 2188 1000 2236 conventu
1015 2177 1169 2237 traditum.

148 2285 181 2345 8.
218 2274 424 2337 Melanthonis
439 2279 585 2357 scriptum
601 2275 639 2334 de
650 2278 861 2338 iustificatione
878 2288 908 2341 at
921 2277 958 2337 da
972 2281 1060 2340 bonis
1076 2280 1229 2362 operibus.

95 2380 185 2459 (10.)
218 2376 396 2440 Melanthea
419 2379 496 2440 redit
509 2375 733 2459 Witebcrgam.

104 2484 183 2562 Aug.

153 2594 184 2652 3.
218 2580 316 2643 Mittit
329 2584 433 2641 amicis
449 2581 545 2639 vitam
561 2577 749 2658 Hieronymi.

152 2691 184 2750 l.
219 2680 334 2744 lterum
350 2687 382 2742 in
399 2681 546 2764 Angliam
561 2695 685 2746 vocatur
701 2705 721 2744 a
734 2682 909 2747 Cranmero.

132 2795 183 2853 10.
220 2786 374 2866 Theologi
387 2782 645 2866 Wittebergenses
659 2787 696 2846 de
711 2789 789 2847 libro
805 2783 988 2867 Augustano
1002 2790 1137 2850 scribunt
1150 2788 1190 2849 ad
1203 2784 1383 2868 Theologos
1400 2782 1647 2868 Argentiuansas.

131 2898 182 2957 18.
221 2887 267 2950 10.
281 2888 427 2969 Agricola
441 2889 594 2950 invehitur
607 2891 640 2948 iu
654 2886 892 2952 lilelanthonem.

128 3000 183 3060 20.
220 2990 294 3053 Mel.
310 2991 461 3071 praefatur
475 2994 507 3051 in
521 2994 687 3052 orationem
702 2989 837 3069 Lycurgi
850 3003 961 3054 contro
970 2988 1160 3056 Leocrctam.
1203 2989 1413 3071 (Gonl'arcnda
1426 3003 1495 3054 sunt
1508 3010 1585 3075 quaa
1600 2999 1729 3052 exeunt·
1739 2986 1880 3070 Augusto
1896 2987 1933 3048 da
1950 2987 2010 3049 isac
2027 2989 2129 3049 libello

273 3097 391 3174 scripsit
408 3090 628 3174 Christophoro
646 3093 833 3176 Pannonio.)

133 3203 185 3263 23.
224 3193 295 3256 Mel.
310 3209 355 3256 est
368 3201 401 3256 in
417 3209 567 3257 conventu
584 3193 771 3277 Pagaviensi.

221 3296 256 3359 ln
271 3299 370 3359 reditu
384 3311 443 3360 tres
458 3298 521 3360 dics
537 3312 739 3362 commoratur
754 3296 888 3383 Lipsiae.

133 3408 186 3466 30.
221 3399 276 3462 Est
293 3405 401 3461 iterum
416 3399 624 3482 Witebergae.

133 3511 186 3567 31.
221 3501 383 3564 intercedit
399 3504 559 3584 procidua
576 3498 716 3564 Lutheri.
739 3534 783 3548 -··
837 3501 981 3584 Cruoiger
994 3505 1164 3585 periculose
1177 3513 1320 3582 aegrotat.

221 3605 349 3668 Carolus
363 3601 529 3687 Imperator
544 3609 695 3686 postulat,
723 3618 756 3665 ut
770 3602 931 3667 Mauritius
949 3603 1174 3666 Melanthonem
1199 3626 1237 3664 ex
1254 3609 1339 3664 terris
1355 3608 1416 3665 suis
1431 3607 1574 3686 expellat.

114 3705 186 3785 sept.

159 3816 187 3873 8.
220 3810 297 3872 Met.
312 3809 468 3870 intercedit
483 3830 539 3890 pro
554 3807 646 3870 vidua
662 3803 793 3872 Luthari
808 3809 890 3890 apud
903 3806 1021 3890 Regem
1034 3802 1160 3874 Duriae.

161 3914 189 3972 5.
223 3911 351 3992 Colligit
367 3907 414 3977 lo.
430 3909 551 3993 Stigelii
565 3909 716 3989 Probatos,
743 3933 820 3996 quos
837 3913 970 3973 editurus
987 3924 1041 3972 est.

147 4018 191 4076 tt.
224 4014 346 4076 Adsunt
359 4012 577 4096 Witenbergae
595 4018 820 4077 concionatores
833 4019 928 4099 aliqui
952 4019 1037 4076 urissi
1052 4036 1092 4076 ex
1107 4012 1269 4104 Ambracia,
1295 4014 1409 4096 quihus
1421 4008 1495 4075 ltlet.
1512 4002 1602 4073 tradit
1623 4012 1781 4090 epistolam
1799 4009 1837 4068 de
1859 4009 1936 4068 libro
1953 4008 2132 4093 Aegusam

273 4118 312 4178 ad
329 4114 488 4178 Francicus
512 4121 749 4178 concionatores.

155 4232 199 4290 ts.
210 4218 404 4303 *Papatiatur
419 4241 490 4281 cum
503 4217 529 4281 F
530 4233 642 4281 orstaro
658 4220 696 4281 ad
713 4214 880 4301 Georgium
892 4216 1108 4282 Anhaltioum.

150 4336 193 4395 16.
223 4322 368 4403 Cruciger
382 4326 550 4404 periculose
563 4335 705 4404 aegrotat.

143 4440 191 4500 18.
222 4423 297 4487 olea
314 4438 429 4486 enarrat
443 4429 476 4487 in
493 4427 596 4488 schola
612 4427 773 4507 epistolam
788 4423 827 4485 ad
839 4420 1005 4487 Romanos.

128 4532 192 4705 03
224 4626 337 4690 Scribit
351 4631 384 4688 in
399 4648 487 4688 usum
502 4622 626 4710 Georgii
640 4623 802 4688 Anhaltini
815 4630 982 4688 orationem
998 4626 1035 4688 de
1051 4621 1152 4690 dicto:
1178 4625 1420 4689 Fundamentum
1433 4625 1517 4691 aliud
1531 4633 1605 4711 poni
1618 4650 1681 4691 noa
1697 4640 1796 4710 potest
1811 4638 1882 4702 eto,
1908 4647 1999 4710 quarn
2017 4632 2044 4686 ei
2060 4631 2134 4686 mit·

274 4735 313 4792 tit
325 4731 357 4793 d.
377 4735 409 4797 9.
426 4726 498 4792 Oct.

222 4831 320 4893 Mittit
334 4833 371 4893 ad
387 4837 501 4893 amicos
515 4833 681 4892 orationem
695 4830 732 4892 da
752 4832 848 4892 tribus
862 4832 976 4891 l'arinaa
992 4834 1072 4895 satia·

155 4950 186 5009 3,
220 4932 347 4997 Enarrat
362 4941 395 4995 in
411 4935 516 4998 sclsola
531 4931 695 4994 Pindarum
712 4945 743 4994 et
760 4931 977 4995 Demosthenis¹
991 4936 1159 4995 cretionem
1173 4933 1212 4994 de
1226 4954 1348 4997 corona.

138 5048 188 5108 14.
219 5036 318 5100 Mittit
333 5034 465 5121 Georgia
480 5035 651 5099 Anhaltiuo
666 5047 806 5099 motata
823 5037 1028 5122 quadruos
1041 5039 1186 5100 saariisio
1198 5033 1327 5115 Missae,
1347 5057 1425 5120 quas
1438 5041 1600 5122 scripserat
1610 5039 1648 5103 ad
1674 5043 1900 5104 concionatores
1915 5037 2085 5101 Hellenses.

141 5152 187 5212 16.
219 5139 358 5202 Vocatur
372 5140 555 5223 Torgaviam
571 5140 608 5201 ad
625 5152 818 5202 conventum.

131 5252 186 5315 18.
219 5241 397 5307 Conventus
411 5245 553 5306 ordinum
566 5241 768 5307 Mimansirnn
784 5241 973 5324 Torgariaa,
995 5242 1116 5307 habitus
1129 5243 1167 5305 da
1182 5247 1272 5307 sacris
1286 5264 1330 5303 ax·
1339 5243 1481 5307 mandato
1495 5237 1627 5307 Caesaris
1643 5242 1846 5328 instituendis.

128 5358 182 5417 19.
217 5344 321 5409 Prima
335 5347 432 5408 forma
446 5342 571 5409 iuterim
583 5344 725 5423 Misnioi,
753 5349 802 5408 sal
814 5339 935 5428 Lipsiat
948 5343 1000 5424 (at
1014 5359 1118 5429 postatt
1134 5343 1359 5431 appellabatur)
1378 5347 1541 5429 profertur.
