4730 6202
249 277 345 354 tott
582 265 588 275 '
808 277 1514 368 urtsronastuuurn.rt11.
1569 281 1740 366 asse,
2165 291 2234 366 rora
2307 298 2308 310 ¹

246 445 435 542 proposui:
469 467 550 516 curn
568 443 676 516 simol
694 443 894 518 intueretur
909 467 1008 516 mens
1023 445 1063 516 in
1080 471 1120 516 ea
1136 446 1247 518 dicta:
1297 445 1349 518 sic
1372 440 1574 539 Prophetae
1600 445 1811 518 exclusivam
1836 459 2085 538 expresserunt.
2138 447 2193 522 Sed
2208 453 2237 522 dc
2306 485 2308 560 4

246 573 337 644 quae
356 546 553 631 affirmant,
584 543 701 616 Deum
719 549 899 618 custodem
916 561 951 618 et
966 561 1248 618 conservatorem
1300 549 1473 644 particula
1494 541 1611 634 Solu,
1643 561 1812 640 perpetua
1833 563 1886 620 est
1907 543 1993 619 haec
2013 549 2240 622 adversariorum

247 673 321 720 esse
356 659 390 718 et
415 643 594 719 Ecclesiae
627 671 709 718 suae
736 662 770 718 et
797 643 1034 740 hospitiorum
1059 645 1248 724 Ecclesiae.
1300 649 1500 736 cavillatio,
1526 647 1652 720 Fidem
1674 672 1748 719 non
1766 651 1981 724 essesolam.
2031 647 2127 740 Quod
2140 653 2241 722 reriui

248 747 351 824 Sicut
364 751 408 820 de
423 745 581 820 Ecclesia
597 749 730 843 inquit:
765 745 903 822 Omnes
920 751 1039 843 capilli
1057 751 1248 844 capitistni
1300 776 1399 822 mum
1414 764 1483 838 est,
1507 752 1551 822 de
1566 751 1827 844 capraesertim
1844 751 1932 836 lide,
1956 751 2082 846 dequa
2097 753 2245 846 loquuntur
2308 779 2309 820 l

248 851 429 923 numerati
443 863 536 925 sunt.
588 847 651 920 Et:
676 847 888 922 Eromurus
905 845 1028 942 igneus
1043 853 1081 922 in
1098 853 1249 923 circuitu
1300 849 1478 922 Ecclesiae
1496 866 1656 938 nostrae,
1681 877 1761 922 cum
1777 849 1964 942 Evangelii
1979 853 2146 946 propriam
2161 881 2246 925 socen

250 978 387 1026 eorum.
437 949 514 1022 Hac
538 953 644 1022 erecti
669 954 912 1023 consolatione
936 978 1115 1048 speremus
1132 951 1247 1024 Deum
1302 966 1485 1044 repetunt,
1510 953 1854 1028 Fideiustificamur.
1905 952 2078 1026 Vitandae
2094 955 2245 1046 igituran·

249 1055 334 1124 filiis
356 1069 390 1126 ct
413 1054 554 1123 filiabus
573 1053 706 1124 nostris
729 1057 894 1127 daturum
920 1078 994 1126 esse
1016 1057 1154 1151 aliquos
1175 1081 1250 1126 mc·
1302 1055 1484 1146 biguitatis
1504 1080 1608 1126 causa
1623 1056 1724 1140 dico,
1749 1079 1804 1125 me
1815 1049 1875 1126 bic
1890 1079 1965 1126 non
1980 1057 2111 1146 litigare
2123 1059 2161 1126 de
2173 1059 2249 1150 parti
2309 1057 2310 1070 ³

251 1157 390 1227 diocrcs
405 1155 560 1229 nidulos.
1303 1157 1381 1227 cula
1396 1151 1503 1228 Solo.
1553 1153 1602 1228 Et
1623 1157 1719 1228 scitis
1735 1180 1840 1250 quam
1857 1157 1961 1228 multi
1978 1158 2140 1248 flagitiose
2153 1159 2250 1228 intelli·

356 1255 455 1326 Tuae
479 1257 572 1326 filiae
591 1255 750 1348 gratulor
762 1251 950 1328 honestum
966 1257 1193 1350 coniugium,
1218 1271 1252 1329 et
1304 1271 1392 1348 gunt
1417 1259 1626 1350 particulam
1653 1253 1759 1334 Sola.
1810 1253 1885 1328 lam
1913 1283 1996 1328 vero
2023 1260 2252 1350 inrefutatione

251 1361 371 1432 Deum
389 1373 584 1440 aeternum,
607 1359 746 1428 Patrem
762 1357 910 1428 Domini
925 1361 1037 1430 nostri
1055 1359 1133 1430 lesu
1145 1356 1253 1431 Chri·
1304 1385 1409 1452 quam
1426 1359 1528 1443 misi,
1552 1381 1767 1451 pugnorum
1785 1359 1932 1452 illisqui
1949 1361 2090 1448 dicunt,
2114 1357 2253 1431 hominen

251 1463 317 1544 sti,
341 1458 575 1531 Conditorem
592 1456 742 1529 humani
759 1462 918 1550 generis,
944 1476 978 1531 et
993 1476 1151 1533 autorem
1170 1463 1252 1531 dnl-
1305 1461 1494 1531 dilectione
1508 1461 1640 1531 iustum
1658 1484 1747 1531 esse:
1779 1459 1884 1544 item,
1909 1461 2132 1534 dilectionem
2148 1463 2255 1532 esseio·
2310 1461 2311 1472 ²

251 1561 384 1635 cissimi
414 1561 587 1646 foederis,
623 1585 707 1646 oro,
748 1562 872 1648 faciat,
906 1577 946 1634 ut
978 1565 1184 1654 coniugium
1218 1577 1253 1634 et
1304 1562 1440 1632 sticiam
1469 1557 1730 1632 inhaerentem:
1766 1575 1800 1632 et
1824 1583 1970 1654 prorsus
1994 1564 2156 1634 omittunt
2174 1563 2254 1642 fidem.

252 1686 402 1756 sponsae
424 1675 458 1734 et
475 1686 604 1756 sponso
621 1663 666 1732 sit
680 1663 834 1734 faustum
852 1677 887 1734 et
901 1665 1006 1750 felix,
1038 1677 1073 1735 et
1090 1665 1253 1736 Parenti-
1305 1663 1387 1756 quia
1414 1665 1569 1752 cogitant
1598 1663 1702 1732 fldem
1730 1674 1869 1733 tantum
1894 1663 2064 1734 noticiam
2088 1688 2165 1736 esse.
2210 1661 2257 1732 llic
2311 1707 2312 1780 l

251 1767 321 1838 bus
341 1763 528 1856 utriusque
543 1765 751 1838 iucundum.
803 1761 875 1850 Ac,
899 1780 939 1836 ut
954 1767 1163 1856 significatio
1179 1767 1250 1836 voti
1305 1789 1441 1854 pugno,
1475 1789 1520 1834 ne
1543 1765 1629 1832 fides
1652 1786 1797 1856 prorsus
1818 1764 2019 1850 omittatur,
2053 1789 2130 1836 curn
2149 1766 2257 1834 virtutes
2311 1805 2312 1870 p

252 1867 325 1936 mei
335 1865 427 1958 apud
446 1889 510 1934 vos
523 1879 632 1950 extet,
656 1865 761 1936 mitto
778 1889 926 1956 sponsae
940 1861 1135 1967 γαμήλιον,
1157 1869 1252 1960 quod
1306 1865 1484 1964 innubis
1517 1879 1753 1939 recensentur.
1821 1861 1996 1936 Existimo
2026 1879 2159 1947 autem,
2189 1867 2258 1934 illan

253 1967 287 2038 ei
313 1991 333 2038 a
356 1980 391 2037 te
419 1961 578 2038 exhiberi
609 1966 703 2040 volo.
764 1965 953 2061 Inscriptio
983 1970 1254 2040 commonefacit
1307 1991 1419 2037 meam
1441 1967 1689 2036 refutationem
1711 1965 1760 2036 ita
1778 1964 2259 2058 firmametperspicuamesse,

253 2091 320 2138 nos
335 2070 379 2139 de
392 2063 487 2138 Filio
500 2065 586 2153 Dei,
612 2070 756 2138 custode
771 2065 960 2146 Ecclesiae.
1012 2069 1109 2142 Bene
1126 2071 1253 2141 etfeli-
1305 2082 1345 2138 ut
1366 2071 1486 2138 dextre
1507 2068 1747 2137 iudicantibus
1766 2065 1843 2135 sine
1859 2066 2057 2154 calumnia,
2085 2069 2260 2138 satisfactura

254 2171 343 2242 citer
359 2168 448 2244 vale.
480 2171 517 2244 d·
531 2171 589 2241 die
605 2168 701 2242 lunii
722 2163 831 2244 1652.
1305 2169 1361 2243 sit.
1393 2167 1441 2239 Et
1458 2168 1731 2254 declarationem
1748 2169 1908 2239 continet
1925 2169 2149 2240 conscientiis
2162 2169 2261 2236 ratilern
2312 2169 2313 2224 l

776 2267 965 2364 Philippus
978 2269 1203 2344 Melanthon.
1309 2269 1415 2340 Mitto
1436 2270 1589 2364 pagellas
1611 2282 1645 2340 ct
1667 2269 1905 2338 illustrissimo
1923 2271 2081 2363 principi
2097 2265 2261 2344 Friderico

1305 2383 1340 2441 et
1362 2371 1439 2442 eius
1460 2372 1627 2462 magistro
1650 2383 1685 2442 et
1703 2369 1786 2439 liliis
1803 2371 1928 2440 vestris
1943 2365 2168 2446 exhibendas.
2209 2367 2261 2438 lan
2313 2392 2314 2458 l

1305 2473 1423 2564 accepi
1446 2473 1584 2554 literas,
1615 2471 1652 2541 in
1674 2471 1805 2566 quibus
1830 2471 2097 2562 scriptumest,
2124 2469 2262 2567 Argenta

1306 2575 1373 2646 rati
1396 2575 1489 2646 cives
1506 2574 1602 2643 nolle
1617 2571 1827 2664 Hispanicas
1850 2574 1970 2664 copias
1989 2573 2028 2644 in
2046 2577 2166 2648 urbem
2180 2574 2263 2643 intre

1114 2642 1250 2774 Q
1306 2677 1455 2748 mittere.
1505 2673 1602 2778 Bene
1617 2675 1711 2762 vale,
1735 2676 1793 2744 die
1808 2673 1844 2750 6.
1860 2671 1966 2750 lunii.

265 2642 332 2716 No.
347 2641 461 2713 stet.

262 2739 474 2778 Μ

327 2893 340 2930 .
552 2847 604 2934 G.
627 2847 953 2938 Buclrlrofzero.

322 3006 421 3064 Manlii
434 3007 506 3062 farra
524 3048 533 3092 τ
551 3027 578 3080 p.
590 3009 625 3062 79
636 3027 694 3092 sqq.
722 3009 842 3092 llepetita
856 3013 883 3066 io
898 3011 967 3068 Mel.
983 3013 1085 3068 Consil.
1102 3011 1149 3068 lat.
1168 3013 1201 3070 P.
1215 3014 1250 3070 ll.

353 3097 381 3149 p.
395 3077 470 3146 tra,
486 3029 560 3132 ubre
575 3077 683 3132 Perelio
696 3097 786 3132 manus
801 3093 874 3136 recte
887 3083 920 3136 ad
933 3099 998 3138 ann.
1013 3081 1090 3136 asts.
1104 3083 1187 3140 relata
1201 3094 1251 3140 est.
1314 3111 1382 3186 No·
1397 3109 1510 3186 5152·

252 3229 465 3304 Reverendo
488 3231 581 3320 viro,
607 3231 808 3305 eruditione
828 3245 860 3306 et
878 3235 1011 3330 pietate
1025 3239 1249 3336 praestanti,
1307 3210 1520 3248 Μ

255 3331 404 3406 domino
437 3330 639 3430 Georgia
674 3331 993 3423 Buehfrolzer,
1032 3333 1249 3439 Praeposito
1579 3310 1641 3402 A·
1669 3311 2016 3398 Lalffssrbassflffl·

252 3433 443 3507 Ecclesiae
455 3433 536 3507 Dei
548 3439 587 3507 in
602 3435 688 3508 urbe
702 3431 850 3527 Arctoa,
875 3442 994 3512 amieo
1006 3465 1075 3514 suo
1089 3441 1248 3518 colendo.
1368 3494 1388 3562 ἱ.
1407 3490 1446 3544 Er
1463 3507 1559 3562 ‚W
1577 3488 1606 3542 in
1624 3486 1688 3542 eoa.
1707 3485 1792 3540 Goth.
1811 3485 1871 3542 19⁰.
1889 3505 1918 3557 p·
1933 3485 1990 3546 135·

252 3573 474 3654 Venerande
492 3585 565 3669 vir,
589 3599 624 3654 et
639 3585 751 3656 amice
770 3582 992 3659 charissime:
1023 3589 1135 3664 Multi
1161 3596 1248 3665 boni

253 3700 288 3756 et
315 3689 506 3777 prudentes
536 3687 693 3756 iudicare
724 3703 889 3779 possunt,
924 3693 1101 3763 mediocre
1128 3721 1246 3767 mcum

253 3788 410 3858 studium
426 3787 551 3868 fuisse,
570 3801 610 3857 ut
627 3811 707 3856 cum
723 3789 769 3858 ab
785 3790 866 3858 aliis
880 3796 1139 3866 controversiae
1153 3800 1248 3867 mul-

253 3903 309 3960 tae
335 3901 369 3956 et
391 3911 556 3978 magnae,
587 3887 626 3955 in
649 3889 778 3980 quibus
800 3891 909 3960 multa
933 3892 1136 3968 indistincte
1152 3900 1247 3968 dice-

254 3990 406 4074 bantur,
439 4002 555 4058 motae
580 4002 716 4074 essent,
742 3991 926 4080 explicatio
948 4009 1081 4068 extaret
1101 4001 1246 4091 proprio
1301 3983 1351 4072 S·
1377 3999 1422 4075 D.
1472 3997 1681 4072 Reverende
1696 3997 1753 4066 vir
1765 4010 1799 4068 et
1811 3995 1990 4066 carissime
2003 3999 2129 4073 frater.
2160 3997 2270 4072 Scinu

253 4111 381 4179 genere
412 4088 606 4172 sermonis,
643 4091 836 4162 necessaria
865 4094 1087 4181 iunioribus,
1114 4115 1148 4172 et
1170 4103 1248 4195 paci
1300 4115 1481 4196 utrunque
1495 4125 1581 4171 voce
1595 4099 1716 4170 divina
1732 4097 1951 4190 praedictum
1965 4122 2058 4186 esse,
2085 4101 2125 4172 in
2142 4095 2272 4170 haclan·

254 4189 365 4263 utilis.
415 4189 514 4280 Quid
535 4190 745 4280 ambiguitas
760 4214 897 4284 semper
911 4197 1024 4286 gignit
1042 4201 1248 4280 discordias.
1300 4203 1405 4293 guida
1429 4215 1465 4274 et
1486 4202 1657 4272 delirante
1680 4199 1806 4270 mundi
1829 4215 1965 4272 senecta
1979 4202 2137 4272 maiores
2150 4203 2270 4286 forege

255 4291 367 4385 spero
389 4292 494 4362 etiam
515 4293 559 4361 ad
582 4315 792 4386 consensum
806 4291 1044 4368 Ecclesiamm
1067 4301 1106 4370 in
1125 4305 1248 4376 multis
1300 4305 1394 4374 neris
1408 4298 1556 4374 humani
1570 4303 1813 4382 confusiones,
1838 4325 1944 4394 quam
1960 4301 2110 4374 fuerunt
2124 4317 2230 4384 antea,
2249 4307 2272 4365 et

254 4393 363 4477 locis,
386 4393 561 4484 proluisse
586 4393 683 4464 illam
703 4397 881 4488 propriam
899 4398 1068 4494 loquendi
1087 4404 1248 4476 formam.
1300 4419 1418 4475 tamen
1433 4405 1547 4474 filium
1562 4401 1631 4474 Dei
1644 4403 1873 4474 collecturum
1889 4425 1963 4472 esse
1978 4417 2161 4474 aeternam
2175 4399 2271 4474 Eccle-

254 4489 378 4588 Neque
399 4503 495 4563 nunc
517 4517 626 4584 genus
648 4497 831 4568 doctrinae
852 4503 1017 4585 mutabo,
1047 4503 1161 4600 peque
1186 4533 1248 4578 cu·
1300 4507 1386 4577 siam
1415 4507 1520 4576 etiarn
1551 4507 1646 4577 inter
1672 4503 1903 4596 imperiorum
1929 4505 2068 4576 ruinas.
2135 4503 2209 4575 Hac
2227 4520 2272 4568 nos

254 4619 329 4663 ram
365 4597 506 4687 proprie
539 4609 573 4666 et
604 4611 697 4669 recte
730 4597 900 4692 loquendi
933 4605 1119 4694 deponam.
1177 4605 1246 4680 Sed
1301 4607 1540 4680 consolatione
1571 4619 1818 4678 sustentemus.
1885 4602 1959 4675 Nec
1991 4607 2152 4696 profecto
2186 4604 2270 4674 ullan

255 4719 357 4788 saepe
383 4722 425 4766 ex
452 4697 531 4767 aula
555 4712 668 4768 vestra
695 4699 858 4769 insuaves
876 4701 1166 4794 reprehensiones
1184 4734 1249 4780 au·
1300 4709 1405 4779 aliam
1444 4709 1720 4780 consolationem
1761 4706 1897 4776 firmam
1937 4705 2060 4776 videre
2098 4723 2271 4798 possumus.

255 4797 333 4881 (ΗΟ,
360 4821 447 4892 quas
468 4799 629 4890 publicae
653 4802 920 4896 tranquillitatis
934 4831 1036 4878 cansa
1051 4810 1247 4886 dissimulo.
1299 4808 1505 4900 Principum
1526 4810 1698 4882 tumultus
1721 4821 1803 4878 sunt
1828 4806 1946 4878 varii*
1980 4805 2065 4896 Quo
2083 4809 2144 4878 die
2157 4803 2269 4898 captivo

256 4895 410 4969 Retineo
444 4899 674 4971 exclusivum:
715 4915 748 4972 et
781 4903 871 4976 sicut
903 4921 1004 4978 antea
1037 4911 1247 5004 plerumque
1300 4911 1472 5002 principi,
1500 4901 1984 4982 DucilolsaorriFrr'derr'co
2005 4909 2164 4980 indicata
2183 4901 2270 4976 estli-

257 5023 341 5068 usus
357 5023 435 5070 snm
453 5003 621 5094 particula
637 4996 787 5088 Gratas,
813 5031 902 5098 quae
918 5009 1037 5079 minus
1051 5005 1157 5080 habet
1170 5037 1247 5084 am·
1299 5013 1451 5096 beratio,
1476 5013 1548 5084 imo
1563 5038 1630 5106 qua
1644 5008 1744 5098 hora,
1769 5009 1934 5078 videlicet
1947 5009 2004 5078 die
2025 5007 2085 5084 19.
2102 5009 2191 5080 Maii
2205 5003 2271 5076 bora

257 5099 453 5190 biguitatis‚
477 5117 512 5174 et
532 5128 551 5172 a
574 5103 685 5176 Paulo
712 5121 920 5198 usurpatur,
945 5111 1027 5204 qui,
1053 5125 1092 5182 ut
1112 5113 1246 5201 artifex,
1298 5129 1439 5207 quarta,
1467 5113 1505 5183 in
1519 5109 1587 5184 hoc
1603 5114 1735 5206 oppido
1752 5127 1833 5182 ante
1848 5125 1984 5202 portam
2000 5103 2271 5202 repagulumful·

256 5217 348 5274 ‘0⁰¹⁸
377 5201 478 5294 ¹⁰qu
509 5205 640 5292 V⁰¹¹¹lls
682 5209 731 5278 ita
757 5203 875 5280 adhuc
897 5234 937 5280 ea
957 5214 1129 5303 particula
1151 5225 1243 5289 utor.
1297 5216 1393 5284 mine
1406 5217 1515 5286 ictum
1530 5230 1593 5290 est.
1644 5205 1806 5284 Carolus
1823 5209 2019 5302 imperator
2031 5224 2066 5282 et
2078 5211 2160 5286 Rex
2173 5219 2270 5302 poste

254 5299 335 5374 Cito
351 5303 454 5373 etiam
470 5305 508 5374 in
525 5306 599 5393 ipsa
609 5307 833 5393 refutatione,
855 5335 961 5403 quam
981 5313 1073 5397 misi,
1096 5315 1244 5388 dictum:
1296 5340 1337 5385 ex
1350 5309 1553 5410 Oeniponte
1568 5319 1818 5398 discesserunt,
1844 5327 1880 5384 et
1894 5311 2154 5384 ratiocinantur
2166 5303 2267 5398 aliqui.

253 5401 335 5474 Non
361 5405 607 5478 iustificabitur
628 5409 667 5478 in
686 5425 875 5502 conspectu
900 5427 961 5485 tuo
979 5415 1095 5486 omnis
1112 5416 1245 5503 vivens,
1295 5414 1505 5490 Bohemiam
1529 5419 1630 5492 vobis
1651 5419 1805 5490 vicinam
1825 5415 1900 5485 fore
1913 5413 2001 5486 belli
2015 5415 2150 5484 sedem.
2197 5408 2233 5480 Id
2245 5403 2266 5472 si

1300 3641 1512 3719 Reuerendo
1526 3645 1604 3716 viro
1619 3642 1760 3713 eximia
1777 3638 1946 3713 doctrino
1960 3653 1994 3716 et
2034 3647 2143 3719 ietate
2158 3653 2270 3722 ornato.

1301 3749 1356 3824 D.
1383 3745 1584 3820 Antonin
1615 3739 1937 3832 Lauterboch,
2013 3747 2142 3820 asturi
2160 3744 2270 3820 Ecelrs.

1425 3847 1505 3920 Dei
1520 3848 1559 3919 in
1575 3843 1720 3936 Bima,
1737 3845 1865 3946 fratri
1876 3871 1946 3918 suo
1961 3849 2172 3924 carissimo.
