4680 6220
219 309 297 386 248
810 307 1248 390 EPISTOLARUM
1300 311 1407 394 [ΑΒ.
1441 313 1508 396 xl.
1560 310 1694 404 1648.
2198 317 2276 398 244

222 486 465 571 vocationem,
492 503 528 562 et
549 490 745 581 gratiarum
758 487 951 574 actionem,
976 501 1011 560 et
1025 489 1219 560 consessio·
1273 483 1374 558 Haec
1394 509 1512 558 coram
1534 486 1675 575 videre,
1709 501 1760 559 est
1781 486 1922 581 ingredi
1942 491 1982 562 in
2003 505 2123 564 sancta
2137 507 2280 568 sancto·

223 615 320 662 nem.
376 587 425 662 Et
450 593 491 662 fit
517 593 707 687 applicatio
731 591 877 684 propria
900 590 1071 684 cuiusque
1091 592 1161 662 lide
1187 604 1221 660 et
1274 613 1367 664 rum.
1418 583 1567 658 Deinde
1583 598 1614 660 et
1632 589 1672 660 irs
1689 611 1764 662 sese
1779 587 1921 664 derisni
1939 593 2037 690 iram
2053 595 2197 666 oeterni
2208 619 2282 694 po-

226 693 414 764 sumtione.
465 691 563 766 Haec
588 695 707 766 omnia
729 695 803 764 sint
817 715 900 762 sane
914 693 996 784 iuge
1013 694 1220 764 sacrificium
1275 689 1363 772 iris,
1388 697 1420 760 et
1437 712 1474 760 se
1488 688 1638 764 subiicit
1653 690 1731 764 eius
1748 689 1945 782 voluntati,
1971 703 2011 766 ut
2033 694 2201 768 institiae
2220 694 2283 769 di-

152 807 163 816 “
225 797 267 864 in
282 791 456 880 Ecclesia,
487 799 547 868 sed
569 799 637 884 ita,
660 821 707 868 ne
729 795 914 888 proprium
930 796 1139 866 sacrificium
1156 795 1222 864 filii
1277 787 1574 886 vinaesaiisfiai.
1624 793 1721 866 Haec
1735 795 1907 868 subiectio
1922 810 1975 869 est
1987 823 2061 869 sese
2074 800 2216 886 offerre,
2244 817 2283 874 ut

225 893 296 988 Dei
309 899 528 976 obscuretur.
578 899 651 970 Nec
665 921 731 973 nos
744 899 927 976 abolemus
939 891 1008 968 hoc
1021 899 1101 988 iuge
1116 897 1222 968 sacri·
1274 895 1314 962 in
1331 893 1472 964 Psalmo
1495 897 1665 988 scriptum
1688 911 1756 968 est:
1789 893 1841 968 In
1860 898 1977 998 capite
1994 896 2086 970 libri
2099 901 2280 1000 scriplum

226 999 366 1086 licium,
390 1003 451 1070 sed
470 1001 710 1088 illustramus,
729 1015 763 1072 et
776 1001 980 1072 retinemus.
1016 997 1222 1070 Adversarii
1275 1003 1327 1066 esi
1350 991 1489 1082 deme,
1523 1004 1563 1066 ui
1576 994 1729 1096 sociam
1748 996 1972 1072 volontatem
1993 1010 2110 1078 tuom.
2163 1003 2282 1096 lpsius

125 1145 132 1154 ·
227 1126 312 1172 vero
328 1116 363 1172 et
377 1116 613 1194 corruperunt
626 1117 748 1190 antea,
771 1116 804 1172 et
821 1125 916 1172 nunc
937 1102 1091 1172 abolent.
1141 1099 1223 1170 Pri·
1275 1097 1385 1188 igitur
1397 1098 1462 1166 filii
1472 1103 1656 1191 proprium
1666 1095 1703 1194 ¹¹)
1722 1101 1801 1188 fuit,
1818 1126 1892 1173 sese
1907 1106 2123 1196 inpassione
2136 1107 2281 1184 offerre.

227 1228 344 1289 mum,
371 1205 454 1298 quia
475 1206 674 1276 doctrinam
692 1208 737 1276 de
752 1205 820 1274 fide
837 1205 1026 1275 deluerunt
1041 1203 1074 1276 iet
1092 1203 1221 1283 delent,
1273 1197 1347 1270 Nos
1367 1213 1504 1270 tantum
1520 1195 1561 1297 ¹²)
1582 1201 1709 1272 fiducia
1727 1197 1834 1275 buius
1848 1205 2019 1277 victimae
2035 1207 2217 1302 perimus,
2241 1226 2282 1283 nt

227 1308 357 1378 multas
371 1307 475 1377 falsas
491 1321 526 1378 et
539 1303 758 1378 Pharisaicas
773 1305 958 1396 opiniones
972 1307 1011 1374 in
1027 1301 1222 1376 Ecclesiam
1273 1315 1419 1395 propter
1433 1325 1510 1373 eam
1526 1303 1758 1396 recipiamur,
1784 1319 1819 1377 et
1831 1308 2072 1385 exaudiamur.

227 1407 457 1492 invexerunt,
488 1423 521 1480 fil
543 1407 659 1480 adhuc
674 1401 876 1480 stabiliunt:
903 1409 1223 1502 desendunlqllae·
1375 1419 1515 1492 Eodem
1531 1427 1639 1494 modo
1656 1425 1822 1496 deverho
1839 1426 1990 1498 sistendi
2003 1426 2156 1500 dicimus
2166 1484 2177 1516 ‚
2202 1425 2281 1500 Γί-

227 1512 310 1582 dam
340 1511 525 1582 manifesta
555 1513 667 1583 idola:
707 1509 928 1582 Sacrificium
951 1535 1035 1580 vero
1058 1523 1222 1602 quaestus
1276 1517 1446 1597 timna·
1469 1520 1573 1594 solus
1599 1521 1871 1620 1'ngnditurin
1894 1538 2281 1621 sanctasanctorum,

228 1637 370 1700 caussa,
401 1626 443 1683 et
466 1611 622 1684 Coenam
643 1611 794 1682 Domini
821 1613 867 1681 ad
889 1625 1049 1682 mortuos
1072 1613 1223 1680 transfe-
1274 1624 1313 1694 id
1335 1638 1406 1710 est,
1436 1627 1536 1696 videt
1556 1651 1725 1700 areanum
1743 1629 1933 1701 consilium
1948 1627 1987 1726 ¹³)
2007 1632 2130 1726 patris,
2184 1632 2277 1706 Cum

226 1729 323 1786 runt.
379 1713 484 1784 Nunc
507 1715 611 1786 etiarn
634 1715 749 1805 palam
770 1714 969 1785 vastitatem
995 1715 1034 1782 in
1055 1709 1223 1783 Ecclesiis
1275 1721 1343 1797 hoc
1367 1727 1539 1798 deliberat
1563 1742 1664 1821 pater
1680 1725 1738 1823 ¹⁴),
1766 1724 1863 1802 hunc
1888 1733 1989 1806 audit
2015 1735 2278 1824 deprecantem,

226 1817 519 1936 ¹{082rlffsflciussls
543 1815 914 1936 etpellufflpflsloteb
935 1815 1061 1933 utiam
1077 1815 1115 1884 in
1129 1816 1223 1886 mul·
1275 1826 1348 1900 Nec
1368 1830 1442 1900 ulla
1461 1843 1620 1902 creatura
1635 1831 1782 1903 adducit
1796 1857 1876 1902 eum
1894 1837 1939 1904 ad
1954 1847 2101 1926 patrem.
2155 1835 2290 1926 Quare·
2328 1842 2337 1949 j

225 1931 271 1992 trs
286 1920 374 1988 loces
391 1941 536 2010 prorsus
550 1933 596 1988 sn
611 1919 794 1990 silentium
812 1941 850 1986 rn
866 1919 1028 2007 templis,
1054 1931 1087 1987 et
1103 1917 1222 1988 nullae
1274 1931 1347 2016 illi,
1375 1931 1437 2024 qui
1459 1955 1559 2002 nuno
1573 1931 1716 2020 dicunt,
1748 1956 1785 2004 se
1801 1934 1916 2006 filium
1931 1931 1999 2007 Dei
2012 1937 2135 2008 sistere
2154 1965 2275 2014 coram

222 2022 297 2095 sint
310 2021 538 2094 ceremoniae.
574 2019 676 2090 Hanc
692 2020 925 2090 vastationem
940 2043 995 2087 res
1011 2020 1086 2120 ipsa
1103 2035 1222 2090 osten·
1274 2045 1390 2124 parre,
1416 2033 1503 2126 quid
1522 2035 1634 2106 velint
1652 2037 1790 2121 dicere,
1816 2037 2104 2140 interpretentur,

223 2123 299 2213 dit,
326 2123 479 2192 similem
504 2146 577 2192 esse
600 2123 803 2192 barbaricae
823 2120 1029 2206 vastationi,
1054 2145 1161 2215 quam
1182 2122 1221 2190 in
1376 2149 1535 2223 Graecus
1551 2151 1678 2224 Canon
1700 2157 1937 2226 verecundior
1955 2159 2043 2244 fuit,
2073 2162 2136 2253 qui
2154 2187 2273 2236 mm-

222 2225 357 2318 templo
374 2221 675 2341 lerosolymorum
690 2223 772 2342 lecit
787 2217 998 2294 Antiochus.
1041 2321 1050 2340 .
1191 2324 1199 2340 .
1273 2253 1425 2324 ctionem
1450 2257 1567 2324 addin
1600 2251 1661 2325 Τμ
1684 2279 1721 2325 35
1739 2255 1960 2353 προςφὲρωγ
1982 2256 2048 2334 χαὶ
2064 2261 2273 2360 ῃροςφερό.

285 2426 294 2442 ·
325 2323 519 2418 R⁰¹¹q¹¹⁰¹¹¹
544 2340 613 2409 ests
637 2338 685 2444 ,Ποῖ
705 2327 863 2394 ‘beamus
881 2323 925 2441 d?
941 2323 1149 2440 ⁰blal¹qn⁹³,
1166 2351 1221 2392 Ἦ·
1271 2381 1400 2447 μενος,
1428 2357 1529 2449 quasi
1542 2355 1650 2428 dicat:
1679 2357 1779 2428 Tuae
1794 2357 1990 2432 Maiestatis
2005 2375 2056 2432 est
2076 2363 2217 2455 ingredi
2233 2369 2271 2438 in

223 2427 352 2498 delscet
365 2427 409 2496 de
424 2421 490 2496 hac
504 2441 762 2520 Pr0P⁰³¹l¹⁰¹1²²
786 2417 992 2523 Offmm‘ii
1005 2419 1220 2516 “milium'’
1272 2473 1391 2527 sancta
1411 2471 1627 2532 sanctorum.
1678 2455 1738 2530 Tu
1760 2461 1875 2531 cernis
1897 2463 2117 2536 voluntatem
2135 2471 2271 2540 aeterni

221 2530 280 2598 Vel
295 2529 666 2647 ulfl⁰f¹510l¹¹⁰¹¹l¹¹f2
685 2513 863 2598 ‘3²¹⁸‘inss
877 2521 1094 2646 sihifitiefn.
1119 2527 1220 2597 ΝΟΠ·
1269 2561 1399 2650 patris,
1429 2573 1463 2629 et
1485 2537 1524 2628 ei
1541 2583 1701 2632 summus
1720 2565 1882 2633 sacerdos
1893 2617 1904 2650 ,
1929 2579 1964 2638 et
1980 2567 2186 2659 deprecator
2198 2595 2267 2662 pm

221 2632 308 2702 dnm
325 2632 546 2712 audivimus,
576 2635 755 2726 quomodo
774 2626 865 2700 hanc
883 2625 1030 2721 phrasrn
1045 2641 1218 2720 rnterpre-
1271 2661 1375 2730 nob„
1390 2662 1428 2730 i„
1444 2662 1507 2730 5110
1524 2685 1652 2733 mano
1672 2663 1832 2739 consilio,

221 2745 353 2806 tentur.
387 2730 457 2804 Sed
475 2733 505 2802 si
519 2746 652 2803 remota
667 2733 914 2824 applicatione,
938 2731 988 2800 sic
1003 2729 1218 2819 intelligunt,

220 2833 404 2904 offerimus
433 2835 499 2903 tibi
527 2835 661 2918 filium,
694 2835 731 2904 id
757 2846 825 2918 est,
858 2857 999 2902 oramus
1020 2846 1055 2902 te
1077 2844 1217 2901 aeterne
1270 2879 1349 2948 dem

219 2948 339 3028 peter,
365 2950 511 3028 propter
527 2937 658 3020 lilium,
682 2960 756 3006 non
772 2945 978 3004 accusentur
992 2946 1133 3002 nostrae
1147 2929 1218 3004 Ec-

220 3037 344 3108 clesiae
358 3031 420 3133 ¹⁰),
451 3037 535 3131 quia
559 3052 594 3110 et
615 3060 680 3108 nos
701 3039 740 3106 in
758 3032 824 3106 hac
842 3049 914 3108 tota
931 3031 1073 3106 actionc'
1081 3035 1217 3106 media-

218 3153 334 3212 torem
356 3152 390 3210 et
407 3141 609 3230 pontificem
626 3153 787 3210 nostrum
805 3151 954 3210 stantem
970 3161 1089 3207 coram
1106 3151 1215 3228 patre,

218 3255 253 3312 et
278 3265 343 3332 pro
367 3243 473 3310 nobis
495 3243 740 3334 deprecantem
763 3241 970 3310 invocamus
997 3252 1031 3308 et
1059 3238 1217 3310 celebra-

216 3366 315 3428 mus,
339 3344 531 3436 etquidem
548 3339 605 3414 his
617 3343 736 3412 verbis
750 3343 896 3428 utimur,
919 3332 1085 3410 Oramus
1098 3349 1215 3410 aeler-

1370 2777 1556 2850 Praeteree
1579 2781 1642 2874 qui
1668 2781 1813 2862 dicunt,
1847 2782 2065 2855 oblationem
2086 2810 2165 2858 non
2188 2789 2266 2884 qui-

1383 2883 1513 2952 mereri
1542 2883 1789 2953 remissionem
1822 2899 2066 2976 peccatorum,
2110 2893 2175 2959 sed
2203 2893 2258 2961 alie

1269 2981 1380 3052 multa
1400 2984 1511 3064 bona,
1536 3008 1659 3054 rursus
1680 2985 1816 3055 faciunt
1833 2983 1979 3057 Missam
1996 2984 2035 3084 ¹⁵)
2057 2991 2165 3062 valde
2188 3019 2261 3064 veu-

1268 3083 1434 3171 dibilem,
1462 3098 1496 3155 ct
1519 3109 1593 3156 non
1615 3101 1708 3157 recte
1731 3088 1949 3158 transferunt
1964 3113 2039 3160 eam
2055 3115 2076 3160 a
2092 3093 2168 3163 line
2184 3121 2264 3188 pro·

1293 3185 1347 3254 rio
1364 3189 1408 3256 ad
1426 3188 1572 3257 alienos.
1625 3185 1665 3260 si
1681 3188 1762 3282 quis
1779 3191 1930 3275 diceret,
1956 3189 2185 3282 Baptismum
2209 3221 2265 3267 va·

1283 3309 1341 3358 ere
1365 3291 1408 3358 ad
1427 3289 1560 3380 lepram
1579 3289 1792 3377 tollendam,
1817 3291 2025 3384 depravaret
2040 3291 2267 3389 Baptismum

1278 3441 1476 3454 —-—-

218 3453 489 3542 remptricem,
517 3453 556 3516 ni
579 3454 726 3542 propter
734 3437 886 3535 filium,
910 3465 1014 3540 quem
1036 3439 1214 3518 mediato-

154 3625 160 3632 ,
219 3570 293 3616 rem
310 3545 515 3632 constitnit,
538 3570 605 3616 nos
620 3543 782 3645 recipici.
820 3536 986 3616 Oramus
1003 3553 1035 3614 te
1040 3537 1113 3635 fili
1125 3541 1213 3628 Dei,

217 3643 383 3719 Domine
396 3645 483 3718 Iesu
500 3641 670 3736 Christe,
695 3647 763 3748 qui
779 3669 816 3718 es
836 3639 944 3746 λόγος
963 3654 995 3715 el
1010 3646 1136 3740 imago
1151 3669 1214 3716 oe-

174 3809 180 3816 .
217 3749 316 3821 ierni
326 3747 462 3848 patris,
485 3758 642 3820 elnotus
659 3772 706 3820 ex
720 3743 860 3820 Maria
878 3745 1029 3842 virgine,
1053 3771 1098 3818 oc
1111 3745 1213 3820 sedes

216 3847 276 3922 ad
294 3847 483 3924 desieram
506 3851 647 3924 oeterni
663 3849 803 3949 patres,
831 3859 863 3920 ei
880 3845 1062 3921 mediator
1079 3849 1214 3922 cbnsti-

218 3962 320 4026 iuius
342 3979 399 4038 es,
431 3952 597 4026 miserere
618 3953 755 4040 nostri,
781 3961 813 4024 el
832 3947 1006 4024 intercede
1019 3976 1088 4049 pro
1106 3951 1213 4023 nobis

217 4052 325 4156 opud
347 4065 533 4128 oeternum
554 4064 844 4154 pairemiuum,
875 4063 907 4126 et
930 4049 1122 4150 sanctifico
1146 4079 1214 4126 nos

154 4243 161 4256 ί
218 4153 365 4258 Spiritu
378 4169 507 4230 sancio
520 4167 599 4243 tuo,
625 4166 687 4232 etc.

320 4259 490 4332 Definitio
512 4263 620 4351 igitur
643 4259 845 4356 quaerernla
866 4269 917 4328 est
938 4255 978 4326 in
998 4252 1065 4328 hac
1083 4253 1214 4350 phrasi,

218 4353 427 4464 offerimus
443 4361 515 4434 tibi
527 4357 665 4454 filium.
710 4359 802 4432 Nam
816 4355 973 4432 Ecclesia
990 4384 1213 4454 nequaquam

162 4457 165 4466 ’
218 4467 324 4536 offert
347 4491 447 4551 eum,
473 4465 563 4536 sicut
585 4467 660 4560 ipse
677 4487 750 4534 sese
767 4462 915 4548 obtulit,
941 4475 980 4532 ut
995 4457 1154 4554 Epistola
1169 4463 1213 4532 ad

217 4565 399 4640 Hebraeos
421 4569 456 4639 lo
485 4569 599 4652 uitur,
625 4559 758 4636 Filius
773 4561 932 4661 seipsum
952 4557 1085 4634 obtulit
1098 4561 1213 4660 patri,

217 4666 286 4739 scii
309 4667 406 4740 iram
422 4593 598 4740 adversus
610 4675 814 4762 peceatum,
837 4664 905 4736 scii
919 4661 1134 4736 mirandum
1151 4660 1214 4735 de-

217 4779 351 4844 cretum
377 4765 421 4842 de
447 4766 758 4858 reconciliatione,
791 4777 823 4840 ei
845 4791 999 4842 caussas
1023 4763 1213 4868 inteiligit.

251 5039 295 5108 10)
312 5039 370 5092 Pro
389 5033 492 5090 verbiss
519 5051 578 5086 non
592 5039 757 5087 mentm·
771 5037 885 5084 nostros
901 5027 1058 5096 Eeeiess'os,
1076 5046 1108 5082 us
1130 5047 1164 5082 ue
1177 5030 1211 5084 sd

285 5110 386 5164 verber
409 5106 504 5171 Ipsius
522 5105 607 5170 igilur
618 5103 678 5172 filii
689 5097 906 5169 propriumsuit
918 5107 985 5166 ete„
1011 5095 1041 5150 iu
1053 5046 1132 5154 codd.
1146 5098 1213 5154 baec

284 5177 428 5246 leguntur:
446 5173 604 5255 „Sententia
616 5172 709 5226 eedem
722 5169 751 5224 io
763 5168 832 5224 bosi
854 5186 884 5222 so
894 5165 950 5221 ritu
961 5176 988 5220 et
1002 5165 1210 5248 inpostsisEe·

286 5243 401 5320 „elesiis
417 5237 560 5299 r'etsnetur.
583 5239 629 5293 sed
644 5239 756 5310 epistola
768 5239 803 5294 sd
858 5236 951 5290 breeos
965 5233 1071 5307 ioqusts
1096 5235 1167 5289 lilius
1181 5255 1210 5292 ss

285 5318 400 5390 „ipsum
417 5309 516 5363 obtulit
536 5307 604 5382 petri
623 5307 776 5376 ingrediens
791 5309 819 5360 iu
832 5313 923 5360 ssoete
937 5314 1103 5384 unctorum.
1138 5305 1209 5360 Nesse

311 5382 407 5438 olierre
419 5379 482 5450 plus
494 5388 533 5433 est
547 5395 630 5449 quem
645 5394 734 5443 erere,
750 5374 874 5431 videlieet
884 5392 912 5428 ss
925 5370 1060 5429 subiecere
1072 5373 1210 5430 voluntati

283 5423 394 5576 :iporeae
415 5461 445 5544 εξ.
454 5449 484 5507 io
499 5467 527 5504 se
541 5445 665 5504 derisere
677 5446 745 5502 isses
756 5455 783 5502 et
796 5461 897 5518 poenes
912 5461 964 5517 pro
978 5439 1078 5498 nostris
1093 5441 1209 5518 peccatis

280 5561 301 5599 „
318 5539 371 5576 ueu
391 5539 427 5576 ss.

1302 3513 1346 3579 ll)
1363 3518 1447 3579 opus]
1465 3511 1539 3568 sddit
1552 3513 1615 3568 cod.
1628 3512 1709 3569 Meo.
1720 3514 1765 3570 9⁰.

1300 3597 1343 3666 12)
1360 3605 1490 3666 lanium]
1510 3607 1609 3652 iumen
1627 3599 1688 3657 cod.
1702 3601 1782 3658 Mon.
1795 3602 1840 3659 50·

1300 3680 1345 3748 15)
1364 3687 1589 3749 seremanni]
1607 3683 1677 3742 cod.
1686 3685 1767 3740 Mon.
1779 3687 1838 3742 sus
1852 3695 1962 3755 peetus.

1300 3766 1343 3835 14)
1362 3765 1431 3826 cot.
1445 3767 1527 3828 Mon.
1542 3767 1587 3829 90.
1605 3751 1633 3822 'et
1645 3787 1709 3824 eum
1722 3787 1755 3822 eo
1769 3779 1902 3826 aternus
1910 3766 1996 3840 poisr
2007 3775 2159 3832 debboram

1300 3853 1344 3917 15)
1363 3851 1434 3908 Pro:
1452 3853 1675 3924 rursussaes'ssnt
1687 3856 1892 3928 missemete„
1910 3875 1997 3930 usque
2013 3859 2048 3914 sd
2060 3860 2163 3917 verber
2189 3862 2272 3919 Heres

1333 3923 1494 3976 &scribunt
1505 3940 1589 3976 usum
1603 3932 1673 3990 e'te.,
1694 3924 1723 3977 ia
1736 3925 1817 3980 codd.
1830 3924 1896 3980 bsee
1907 3925 2051 3996 legunturr
2072 3949 2157 4001 „nors
2175 3935 2271 3988 miuus

1334 3991 1526 4060 „vendibilem
1544 3992 1650 4048 iaciunt
1661 4011 1742 4065 quem
1758 4001 1853 4060 entes,
1877 4004 1905 4048 es
1917 3997 2086 4052 transiemus
2100 3999 2133 4052 sd
2151 4003 2272 4072 petenda

1333 4129 1398 4199 „As
1417 4129 1446 4182 in
1466 4127 1514 4182 illo
1526 4129 1582 4183 ritu
1594 4147 1720 4199 expresse
1732 4131 1761 4183 fit
1774 4131 1879 4184 mentio
1891 4132 2061 4188 remissionis
2073 4145 2268 4208 peccatorem,

1333 4215 1413 4269 „nee
1430 4195 1463 4250 sd
1477 4195 1542 4252 elles
1555 4217 1598 4253 res
1613 4195 1801 4252 transferenda
1814 4205 1855 4252 est
1867 4215 1955 4254 coesse
1969 4201 2090 4272 domini,
2114 4205 2166 4258 sed
2179 4205 2226 4264 sie
2238 4227 2268 4263 es

1333 4264 1489 4336 „istendum
1509 4277 1564 4338 est,
1583 4275 1629 4334 ut,
1650 4284 1714 4320 eum
1731 4263 1899 4334 cogitemus,
1924 4287 1976 4322 nos
1993 4269 2051 4324 lieri
2070 4271 2201 4330 membre
2219 4274 2269 4330 filii

1334 4373 1356 4404 „
1362 4336 1418 4390 Dei
1435 4343 1462 4389 et
1481 4333 1554 4389 ablui
1573 4335 1631 4389 eius
1645 4333 1792 4404 sanguine,
1817 4333 1883 4390 lides
1896 4335 1924 4390 in
1937 4337 2018 4392 nobis
2029 4349 2163 4411 augeatur
2176 4355 2206 4398 et
2219 4363 2268 4402 ιο-

1332 4405 1491 4476 „cessdstssr
1508 4403 1614 4458 firmius
1633 4413 1770 4470 statuens,
1797 4419 1848 4458 nos
1869 4401 1955 4478 recipi
1975 4417 2002 4462 et
2022 4407 2154 4468 essediri.
2202 4412 2271 4468 Non

1330 4475 1459 4546 „cogites
1471 4471 1524 4526 boc
1535 4491 1603 4543 opus
1613 4471 1743 4526 meritum
1753 4489 1820 4539 esse,
1834 4471 1908 4544 qued
1924 4475 2012 4544 prosit
2022 4487 2150 4548 empturo
2165 4497 2269 4550 equos.

1331 4580 1351 4612 „
1358 4541 1500 4596 Praeterea
1518 4542 1592 4612 quod
1610 4540 1696 4612 sliqui
1714 4539 1825 4600 dicunt,
1848 4558 1877 4594 se
1891 4541 1974 4598 melle
1986 4545 2110 4599 assentiri
2125 4549 2268 4604 veteribus

1330 4609 1533 4682 „scriptoribus
1553 4605 1741 4664 ecolesissticis
1759 4627 1841 4679 quem
1859 4607 1901 4664 bis
1919 4611 2072 4668 recentibus
2089 4613 2268 4672 Luemranu

1297 4073 1310 4089 ⁸
1333 4059 1432 4130 „bons
1452 4057 1622 4131 corpor-alle,
1649 4070 1679 4116 ut
1698 4061 1733 4114 sit
1752 4059 1832 4114 loelis
1852 4061 1903 4117 iter
1923 4072 1950 4116 et
1967 4063 2000 4120 sit
2017 4065 2098 4122 foelix
2115 4081 2270 4125 meratus.
2336 4079 2337 4084 ’

1328 4678 1490 4755 „seditiosis
1509 4677 1682 4744 bominibus,
1707 4677 1769 4730 Deo
1791 4685 1818 4731 et
1836 4677 2063 4736 verseEoclesiee
2078 4681 2218 4742 iudicium
2233 4687 2267 4741 sle
2334 4689 2335 4714 ³

1331 4748 1436 4822 „nobis
1454 4747 1687 4830 commendemus.
1729 4745 1847 4802 Mssime
1862 4755 1954 4830 sutem
1974 4759 2146 4822 optsresssos,
2171 4753 2268 4837 audin

1330 4816 2268 4964 :2stlatttsstttstl:testatas..stis:sluttere

1331 4993 1350 5026 „
1360 4971 1410 5027 pro
1422 4973 1470 5008 sue
1484 4953 1615 5024 opinione
1625 4953 1713 5008 iecere
1726 4952 1861 5020 sidentur,
1880 4971 1938 5008 non
1972 4963 2086 5008 userunt
2100 4969 2267 5030 perpetuen

1329 5041 1450 5096 „eorum
1463 5025 1641 5094 sententiam,
1666 5041 1733 5091 quae
1748 5021 1858 5092 quidem
1873 5041 1930 5076 nou
1943 4971 2059 5078 alsense
2071 5034 2122 5082 est.
2161 5025 2265 5086 Τοωι
2333 5065 2334 5070 ,

1330 5092 1425 5165 „besse
1442 5092 1578 5147 sotionem
1596 5090 1716 5147 sentiunt
1734 5091 1882 5162 gratiarum
1903 5089 2039 5146 actionem
2061 5110 2135 5160 esse,
2162 5107 2193 5152 et
2211 5097 2267 5154 bos
2333 5109 2334 5120 ¹

1328 5161 1441 5235 „modo
1460 5173 1559 5216 vocent
1578 5158 1753 5215 sacrificium.
1788 5159 1915 5230 synodus
1929 5157 2031 5214 Nicens
2051 5159 2134 5216 etism
2153 5163 2190 5220 de
2213 5165 2266 5222 bae
2333 5163 2334 5184 ¹

1328 5229 1461 5307 „actione
1475 5237 1505 5282 ut
1518 5232 1551 5284 de
1563 5239 1733 5292 sacramento
1748 5227 1884 5298 loquitur;
1901 5226 1953 5293 ait,
1967 5227 2047 5283 nobis
2056 5247 2114 5286 esse
2127 5233 2262 5290 testimo·-

1327 5299 1428 5375 „oium
1446 5300 1671 5362 resurrectionis,
1694 5297 1757 5369 quis
1776 5294 1914 5351 efficimur
1933 5295 2054 5351 membre
2070 5301 2228 5358 resuscitati
2243 5319 2262 5358 e

1327 5367 1410 5446 „lilio
1421 5367 1483 5425 Dei.
1518 5367 1593 5422 ldem
1611 5375 1640 5420 et
1657 5367 1783 5420 lrenseus
1803 5363 1870 5418 dixit
1886 5375 1912 5420 et
1924 5362 2106 5438 Epiphaniuse
2129 5369 2257 5426 sistusiss

1327 5457 1421 5511 „psas
1434 5447 1473 5492 est
1486 5437 1519 5493 sd
1530 5435 1743 5492 vivificationem
1756 5451 1805 5506 per
1819 5433 1901 5490 fidere
1915 5443 1942 5489 et
1953 5452 2038 5508 spem.
2061 5433 2139 5494 Esse
2150 5437 2259 5500 desub
2332 5431 2333 5476 ἶ

1326 5511 1418 5581 „bunt
1430 5525 1493 5562 eum
1508 5523 1586 5561 usum
1601 5502 1671 5562 ete*
