4624 6216
241 341 317 419 871
781 333 1222 420 uttsronauuu

247 533 304 592 tus
325 511 424 604 sum,
448 531 489 588 ut
511 507 607 610 apud
629 543 692 590 vos
716 503 910 612 exspectem
933 521 1099 589 mandata
1117 519 1160 588 de
1174 515 1244 612 Sy·

248 620 365 703 nodo,
398 643 438 690 ac
461 622 624 691 nondum
647 623 740 706 scio,
776 646 865 715 quos
888 621 1038 711 collegas
1057 617 1244 690 habiturus

251 724 337 808 sim,
360 723 523 792 nondum
544 723 666 794 audivi
683 747 760 807 eos,
784 745 936 817 quorum
959 745 1063 792 nosse
1076 723 1244 791 voluuta-

249 839 304 896 tes
325 823 417 894 utile
437 835 537 896 esset.
586 823 657 895 Sed
680 838 797 895 tamen
820 847 866 894 ne
881 825 1046 914 defugere
1069 822 1245 914 cognitio·

251 947 336 996 nem
360 925 537 1009 dicamur,
560 925 645 1010 iter,
672 928 768 1020 quod
791 924 887 996 Deus
912 928 1101 1014 gubernet,
1127 927 1245 1014 ingre-

251 1028 343 1098 dior.
396 1023 439 1094 ln
454 1049 525 1119 quo
541 1023 633 1097 hanc
653 1023 767 1097 habeo
785 1025 1065 1122 qualemcunque
1082 1047 1245 1096 curarum

253 1142 289 1199 et
304 1129 468 1198 dolomm
489 1128 722 1214 levationem,
748 1133 844 1224 quod
866 1143 922 1214 te,
947 1144 988 1200 ut
1002 1153 1122 1219 spero,
1149 1149 1248 1197 com-

252 1230 387 1322 plectar
419 1243 453 1299 ct
484 1231 583 1300 vivas
606 1231 727 1301 licebit
750 1233 874 1302 audire
901 1245 936 1302 et
964 1233 1112 1300 reddere
1133 1251 1247 1300 voces.

252 1326 355 1402 Nihil
371 1343 423 1401 est
436 1353 555 1400 rerum
571 1328 828 1420 humanarum,
849 1335 887 1402 in
903 1359 973 1426 quo
992 1347 1173 1426 utcunque
1188 1353 1247 1400 ac·

254 1431 433 1526 quiescere
464 1434 603 1504 animus
635 1435 765 1526 possit,
797 1436 867 1504 nisi
894 1435 969 1504 veri
996 1434 1101 1503 amici
1137 1433 1249 1501 collo-

254 1535 398 1628 quium,
422 1535 564 1624 qualem
579 1548 614 1607 te
631 1559 703 1607 esse
719 1537 803 1612 scio.
853 1535 950 1607 Beue
967 1536 1055 1605 vale.
1109 1531 1247 1608 17.l)e·

254 1627 463 1731 cembris*).

763 1749 954 1848 Philippus
974 1748 1198 1824 Melanthou.

258 2201 455 2328 Q.

989 2239 992 2246 ’
1043 2203 1093 2293 (in
1106 2209 1239 2289 itinere.)

1030 2300 1243 2337 sem

587 2399 642 2488 1..
673 2399 901 2486 Rulioleio.

328 2561 348 2630 †
362 2558 401 2614 llx
414 2578 508 2633 apogr.
519 2561 549 2616 in
563 2559 659 2618 codice
674 2557 834 2617 zittevlensi
848 2578 891 2631 cp.
903 2558 948 2616 47·

257 2705 524 2800 Laurentio
546 2705 793 2798 Relictis,
823 2703 1034 2782 amico'suo
1058 2702 1250 2780 cordsimo

258 2861 307 2950 S.
330 2871 375 2946 D.
426 2869 614 2944 Carissime
627 2869 807 2946 Laurenti.
858 2867 1052 2956 Existimo,
1068 2885 1101 2941 te
1115 2868 1250 2940 Pinda-

259 2977 374 3046 ricum
390 2973 524 3070 illud¹)
542 2976 762 3060 meminisse,
784 2977 881 3070 quod
900 2998 1001 3067 saepe
1022 2997 1078 3043 me
1095 2971 1250 3043 recitan-

258 3091 330 3150 tem
344 3075 527 3146 audivisti:

335 3223 394 3292 Ἓν
415 3221 488 3304 παρ’
512 3221 604 3289 ἐσλὸν
625 3218 755 3306 πήματα
777 3218 891 3288 σύνδυο
913 3220 1051 3287 δαίονται
1072 3225 1201 3309 βροτοῖς

342 3305 507 3374 ἀθάνατοι.
528 3307 569 3376 τὰ
587 3307 646 3388 μὲν
668 3297 712 3373 ὧν

258 3411 271 3452 .·
321 3388 381 3460 ὀὖ
400 3389 548 3458 δύνανται
568 3387 671 3477 νήπιοι
692 3388 799 3478 κόσμῳ
822 3389 941 3476 φέρειν,

339 3475 408 3544 dtt'
430 3476 565 3564 ἀγαθοὶ,
585 3477 627 3544 sel
649 3477 730 3542 sold
750 3477 922 3560 τρίψαντες
939 3468 1009 3556 ἕξω.

258 3611 331 3688 Det
352 3611 524 3684 beneficio
546 3626 629 3682 sunt
651 3613 691 3681 in
713 3605 771 3680 bis
791 3611 996 3702 regionibus
1010 3607 1189 3681 Ecclesiae
1214 3625 1248 3682 et

256 3710 399 3788 scholae
419 3713 729 3804 magundienses,
755 3737 861 3807 quam
884 3712 983 3786 alibi.
1033 3709 1100 3782 His
1115 3713 1248 3785 servia-

258 3836 358 3899 mus,
381 3815 517 3885 etiamsi
533 3828 616 3884 sunt
630 3815 717 3898 alia,
743 3840 832 3908 quae
849 3829 882 3886 et
898 3813 1097 3886 excruciant
1110 3816 1247 3884 enimus

258 3929 400 3988 nostros
421 3929 457 3986 ct
476 3915 656 3986 interdum
678 3916 887 4006 impediunt.
938 3913 1097 4008 Tempus
1113 3917 1246 3986 adferet

258 4017 394 4112 aliquid
417 4015 577 4086 remedii.
626 4013 829 4107 Cogitemus
852 4017 956 4086 etiam
980 4011 1064 4101 hoc,
1097 4029 1150 4086 tot
1175 4017 1244 4086 iam

256 4142 370 4192 annos
385 4117 559 4190 divinitus
573 4141 641 4188 nos
656 4133 811 4188 servatos
835 4141 926 4201 esse,
951 4141 1154 4210 quanquam
1170 4141 1246 4188 sae-

256 4243 321 4290 vae
335 4233 556 4311 tempestates
571 4220 759 4314 aliquoties
775 4233 911 4288 exortae
926 4233 1019 4288 suut.
1046 4217 1170 4290 Vocati
1185 4243 1245 4288 su-

257 4345 337 4392 mus
346 4315 555 4406 Dresdam,
581 4347 654 4416 quo
669 4345 751 4393 cum
766 4345 915 4405 venero,
940 4343 1063 4392 rursus
1079 4323 1244 4404 monebo,

256 4433 298 4492 ut
318 4435 430 4494 vestra
451 4423 723 4498 constituantur.
774 4421 930 4494 Salutem
951 4435 1036 4514 opto
1051 4415 1244 4492 Matthiae

254 4518 323 4598 sot
334 4517 580 4606 ἀνεξικακίαν.
636 4523 795 4598 Salutem
812 4519 950 4617 Iobo²)
967 4537 1000 4594 et
1015 4521 1115 4594 vobis
1126 4525 1243 4594 omni-

223 4679 232 4686 -
253 4625 320 4696 bus
332 4638 428 4718 opto.

993 4722 1190 4820 Philippus.

249 4895 471 4909 W

284 4977 391 5046 *tetta
402 4991 499 5032 manus
511 4973 672 5047 adscripsits
690 4994 754 5033 ann.
774 4976 848 5033 1551.
921 5013 926 5024 .

284 5077 311 5146 1)
329 5075 409 5132 Pind.
429 5075 559 5148 Pythion.
575 5093 602 5133 r·
618 5075 660 5133 st.

277 5177 307 5244 2)
327 5178 412 5246 lobo,
430 5175 541 5232 Gsotori
555 5175 583 5230 in
596 5175 697 5250 oppido
711 5173 839 5231 Meissen.

1276 333 1384 420 [ΑΒ.
1420 334 1520 417 xtt.
1574 337 1706 412 16⁵1.

1308 503 1505 586 Nasum.

1300 609 1512 648 m

2165 349 2211 424 lll

1932 517 2200 606 sanetum.)

1906 613 2214 655 w

1670 711 1918 800 RElero.

1364 873 1450 946 spru
1465 873 1514 930 us.
1527 876 1567 934 u.
1584 837 1690 948 ,site
1710 875 1767 944 (ea.
1783 873 1872 930 mea.
1885 875 1933 931 us.
1945 875 1981 934 u.
1992 895 2034 948 ep.
2047 876 2114 946 uu

1455 976 1478 1015 ⁶
1581 1015 1636 1096 D.
1662 1013 1818 1092 Paulo
1841 1015 1996 1122 Edere

1296 1153 1344 1244 S·
1371 1169 1416 1245 D.
1463 1167 1542 1242 Etsi
1563 1171 1630 1242 iter
1646 1186 1807 1243 nostrum
1822 1174 1930 1245 multi
1944 1169 2187 1268 reprehendunt,
2203 1193 2223 1246 et

1297 1295 1360 1374 ego
1384 1273 1490 1364 longe
1512 1275 1634 1344 malim
1657 1277 1913 1346 consuetudine
1935 1291 1970 1347 et
1985 1291 2225 1371 conspectuuuc

1296 1373 1451 1442 familiae
1476 1387 1510 1444 et
1531 1376 1726 1446 amicorum
1750 1377 1839 1447 frui:
1864 1391 1983 1447 umen
2006 1380 2075 1448 sive
2092 1379 2165 1448 serio
2181 1379 2225 1447 sire

1297 1475 1496 1571 elpowtxuic
1511 1481 1668 1564 aguntur
1686 1472 1773 1547 haee
1794 1479 1835 1548 io
1849 1480 1951 1562 aula,
1976 1480 2056 1550 ideo
2068 1479 2228 1572 obtempero,

1297 1601 1343 1646 ne
1367 1591 1408 1647 ut
1429 1577 1617 1671 aliquoties
1632 1579 1765 1648 dictum
1787 1593 1840 1650 est
1854 1595 1950 1650 metu
1966 1605 2034 1652 nos
2045 1596 2102 1652 eut
2116 1583 2228 1671 pstulm

1297 1679 1347 1750 tia
1360 1681 1526 1769 defugere
1540 1679 1703 1770 publicos
1717 1703 1921 1771 congressus
1934 1683 2064 1758 dicant.
2105 1679 2229 1753 truso

1298 1804 1338 1850 ro
1355 1781 1497 1849 audiam
1514 1803 1604 1872 quae
1617 1781 1736 1850 daturi
1750 1783 1821 1852 sint
1834 1783 2011 1855 mandata.
2052 1782 2119 1854 lam
2129 1776 2229 1852 Podar·

1298 1905 1369 1950 uus
1385 1883 1452 1952 iter
1466 1882 1642 1970 ingressus
1658 1895 1726 1968 est,
1750 1895 1792 1954 ut
1806 1877 2028 1954 Tridentum
2051 1899 2102 1957 eat
2125 1901 2153 1955 et
2173 1897 2231 1975 petat

1299 1981 1414 2052 audiri
1438 2007 1502 2052 uos
1525 1983 1631 2058 etiam
1653 1985 1697 2053 de
1720 1985 1901 2075 prioribus
1915 1985 2064 2059 decretis
2077 1985 2231 2067 retexendis,

1299 2105 1362 2153 seu
1384 2091 1426 2154 οῖ’
1442 2083 1508 2175 ipsi
1533 2083 1738 2170 nominant,
1763 2086 2041 2162 readsumcudis.
2088 2085 2233 2182 Sequiigi

1299 2199 1357 2254 tur
1372 2185 1512 2277 aliquos
1528 2208 1666 2256 neccsse
1680 2199 1743 2260 est.
1794 2183 1843 2258 Et
1858 2189 1973 2260 vocati
1987 2203 2071 2260 suut
2087 2185 2232 2258 Alesiusst

1297 2277 1446 2355 Paceus.
1497 2284 1566 2357 Sed
1577 2280 1742 2355 Alesiam
1753 2289 1862 2358 lebris
1879 2289 2021 2366 retinet.
2070 2284 2233 2360 Poceumad

1299 2411 1364 2458 nos
1385 2381 1575 2456 venturum
1597 2409 1672 2456 esse
1693 2411 1815 2480 spero,
1839 2390 1902 2460 ubi
1925 2393 1971 2460 de
1995 2391 2122 2484 collega
2135 2413 2234 2482 respon

1298 2513 1377 2560 sum
1390 2488 1562 2580 acceperit
1573 2511 1614 2558 ex
1630 2487 1722 2563 aula.
1761 2487 1835 2564 Ero
1851 2486 2014 2563 hortator
2026 2508 2067 2566 ut
2078 2489 2233 2564 Sareeriu

1299 2604 1443 2669 vocent,
1477 2589 1538 2682 qui
1561 2581 1668 2659 habet
1691 2591 1760 2660 iam
1792 2593 1916 2684 populi
1941 2596 2071 2670 studia.
2122 2591 2168 2665 De
2184 2590 2236 2663 belli

1299 2693 1497 2761 metuctde
1509 2685 2008 2766 .4lcibiude1'sconsiliisuihil
2021 2697 2170 2767 scribam
2195 2691 2236 2762 lle

1299 2793 1384 2863 certi
1399 2793 1594 2884 quidquam
1608 2794 1728 2868 audio.
1759 2793 1834 2864 Nus
1851 2820 1931 2866 cum
1950 2798 2135 2890 aspicimus
2146 2809 2237 2866 ussus

1298 2917 1424 2986 parvas
1443 2894 1589 2976 liliolus,
1604 2895 1745 2966 scimus
1769 2913 1849 2966 eum
1867 2920 2007 2989 gregem
2029 2898 2120 2970 Filio
2133 2897 2187 2967 Dei
2203 2918 2237 2963 cu

1298 3019 1357 3066 rae
1381 3017 1474 3079 esse,
1505 3009 1540 3064 et
1561 2997 1711 3084 gemitus
1732 3011 1873 3070 nostros
1895 3002 2068 3075 exaudiri.
2120 2999 2184 3070 llac
2201 3016 2239 3064 uos

1298 3097 1541 3168 consolatione
1555 3103 1813 3168 sustentemus
1833 3099 1931 3170 'l'uas
1945 3102 2067 3173 literas
2081 3097 2151 3172 heri
2165 3095 2238 3168 initi

1299 3222 1385 3268 nere
1404 3198 1539 3287 aooepi,
1565 3211 1600 3268 et
1621 3200 1667 3268 de
1679 3199 1858 3272 frumento
1873 3202 2005 3296 loquar
2018 3229 2098 3275 cum
2118 3204 2173 3282 iis„
2192 3221 2239 3270 mo

1176 3375 1180 3382 ,
1298 3299 1429 3394 quibus
1444 3299 1600 3392 colloqui
1623 3313 1760 3390 putero.
1809 3301 1881 3374 Sed
1894 3305 1980 3397 quid
2009 3307 2200 3397 sperandum
2213 3297 2239 3365 sit

1298 3400 1428 3471 nescio.
1482 3397 1593 3471 Mitto
1613 3401 1680 3472 tibi
1693 3404 1860 3474 relectum
1876 3430 1897 3474 a
1913 3430 1969 3476 me
1985 3407 2151 3499 seriptum
2171 3405 2203 3471 de
2216 3401 2240 3466 li

1299 3504 1366 3572 buo
1377 3493 1584 3586 osteodes,
1610 3506 1705 3595 quod
1721 3517 1756 3574 et
1768 3498 1927 3596 Lusias
1951 3508 2139 3602 aliquoties
2152 3501 2240 3574 assui

1298 3618 1399 3695 ptum
1413 3616 1485 3688 est,
1503 3601 1641 3674 Ductor
1655 3599 1856 3676 Baldasor
1874 3608 1986 3678 mittit
2008 3614 2055 3680 ad
2072 3614 2183 3682 ducem
2196 3599 2242 3672 ΑΙ·

1296 3713 1456 3799 gustum.
1483 3703 1523 3776 si
1541 3719 1658 3796 petent
1672 3701 1891 3778 Marehiuci
1902 3710 2000 3782 sinas
2010 3711 2167 3784 describi.
2186 3706 2242 3778 lu·

1297 3807 1399 3877 tassis
1413 3800 1586 3876 Dresdoe
1608 3809 1732 3876 eodem
1755 3825 1961 3900 mguuuuto
1985 3815 2122 3908 aliquid
2143 3829 2242 3898 compe

1297 3931 1381 3978 nam
1394 3907 1579 4000 prolixius.
1628 3907 1771 3980 Decauo
1792 3925 1830 3982 et
1844 3905 2040 3985 Marcello
2061 3915 2158 3986 dabis
2173 3904 2243 3978 versi

1297 4010 1395 4079 culos
1413 4032 1501 4102 quos
1517 4011 1638 4094 mitto,
1660 4011 1790 4103 quibus
1804 4015 1856 4082 uti
1871 4017 2000 4104 poterit
2017 4043 2098 4087 cum
2114 4011 2241 4104 significe-

1297 4111 1351 4180 bit
1373 4133 1529 4179 examen.
1581 4105 1658 4180 Oro
1678 4109 1809 4181 Filium
1823 4111 1889 4184 Dei
1906 4113 2106 4188 Dominum
2128 4127 2240 4186 nostru

1299 4209 1413 4280 lesum
1433 4205 1633 4296 Christum,
1657 4213 1719 4304 qui
1742 4237 1823 4284 vere
1848 4229 1899 4285 est
1921 4212 2130 4302 Eorunuel,
2162 4229 2193 4283 ut
2207 4235 2239 4274 ro

1297 4325 1331 4381 et
1353 4335 1418 4384 nos
1440 4313 1630 4405 custodiat,
1657 4327 1691 4384 ct
1714 4315 1805 4385 adsit
1827 4319 1931 4386 uobis
1947 4322 2128 4394 omnibus.
2171 4311 2240 4380 lllt·

1296 4437 1375 4486 mus
1399 4437 1504 4506 quam
1527 4413 1599 4482 siut
1624 4407 1778 4484 humana
1799 4419 1919 4486 omnia
1939 4421 2058 4510 fragili
2086 4437 2120 4490 et
2142 4421 2240 4488 tuscus

1298 4513 1380 4584 ldeo
1402 4537 1467 4582 uos
1484 4511 1560 4583 Deo
1582 4517 1891 4602 commendemus,
1911 4534 1947 4590 et
1969 4535 2133 4612 petamus
2151 4542 2202 4588 nos
2217 4510 2241 4576 sl

1295 4617 1372 4706 ipso
1388 4615 1519 4684 servari
1538 4629 1572 4683 et
1587 4614 1671 4702 regi.
1723 4612 1821 4686 Beue
1837 4621 1948 4692 valete
1963 4647 2100 4693 omnes.
2146 4610 2239 4692 Dtett·

1295 4715 1459 4786 Decemb.
1476 4715 1513 4784 in
1529 4716 1660 4807 oppido
1674 4717 1718 4786 ad
1735 4742 1849 4789 arcem
1863 4716 2026 4798 Iuliam.

2094 4942 2234 4968 ...ιι-θ’

1925 5094 2236 5202 contemnet

1882 5199 2228 5240 W

1622 5309 1764 5400 Miclc.
1790 5311 1956 5400 Vettio.

1347 5437 1364 5448 ..
1375 5481 1474 5537 aranu
1487 5483 1583 5554 τινας.
1599 5501 1626 5555 μ
1640 5483 1700 5540 ssa.

1276 5091 1483 5168 samoe.
1570 5029 1573 5046 ¹

1296 5191 1507 5227 Μ
