<?xml version="1.0" encoding="UTF-8"?>
<!DOCTYPE html PUBLIC "-//W3C//DTD XHTML 1.0 Transitional//EN"
    "http://www.w3.org/TR/xhtml1/DTD/xhtml1-transitional.dtd">
<html xmlns="http://www.w3.org/1999/xhtml" xml:lang="en" lang="en">
 <head>
  <title>
</title>
<meta http-equiv="Content-Type" content="text/html;charset=utf-8" />
  <meta name='ocr-system' content='tesseract 3.04.00' />
  <meta name='ocr-capabilities' content='ocr_page ocr_carea ocr_par ocr_line ocrx_word'/>
</head>
<body>
  <div class='ocr_page' id='page_1' title='image "./philippimelanth04bindgoog_0329.png"; bbox 0 0 4586 6224; ppageno 0'>
   <div class='ocr_carea' id='block_1_1' title="bbox 89 263 2090 418">
    <p class='ocr_par' dir='ltr' id='par_1_1' title="bbox 89 263 2090 418">
     <span class='ocr_line' id='line_1_1' title="bbox 89 263 2090 418; baseline 0.004 -8"><span class='ocrx_word' id='word_1_1' title='bbox 89 337 144 410; x_wconf 81' lang='lat' dir='ltr'>rot</span> <span class='ocrx_word' id='word_1_2' title='bbox 616 327 1049 410; x_wconf 79' lang='lat' dir='ltr'>EPISTOLARUM</span> <span class='ocrx_word' id='word_1_3' title='bbox 1098 263 1205 408; x_wconf 62' lang='lat' dir='ltr'>ltu.</span> <span class='ocrx_word' id='word_1_4' title='bbox 1236 331 1322 411; x_wconf 83' lang='lat' dir='ltr'>xtt.</span> <span class='ocrx_word' id='word_1_5' title='bbox 1374 325 1503 414; x_wconf 76' lang='lat'><strong>1⁶60.</strong></span> <span class='ocrx_word' id='word_1_6' title='bbox 2014 341 2090 418; x_wconf 76' lang='lat'>602</span> 
     </span>
    </p>
   </div>
   <div class='ocr_carea' id='block_1_2' title="bbox 77 499 2089 1204">
    <p class='ocr_par' dir='ltr' id='par_1_2' title="bbox 81 499 2089 902">
     <span class='ocr_line' id='line_1_2' title="bbox 81 499 2089 602; baseline 0.007 -31"><span class='ocrx_word' id='word_1_7' title='bbox 81 503 198 596; x_wconf 67' lang='lat' dir='ltr'>Egregia</span> <span class='ocrx_word' id='word_1_8' title='bbox 218 513 270 572; x_wconf 91' lang='lat' dir='ltr'>est</span> <span class='ocrx_word' id='word_1_9' title='bbox 289 499 541 574; x_wconf 83' lang='lat' dir='ltr'>eius-eruditio</span> <span class='ocrx_word' id='word_1_10' title='bbox 566 515 602 574; x_wconf 93' lang='lat' dir='ltr'>et</span> <span class='ocrx_word' id='word_1_11' title='bbox 618 503 815 592; x_wconf 76' lang='lat' dir='ltr'>diligentia.</span> <span class='ocrx_word' id='word_1_12' title='bbox 868 501 939 576; x_wconf 89' lang='lat' dir='ltr'>Sed</span> <span class='ocrx_word' id='word_1_13' title='bbox 961 505 1041 596; x_wconf 90' lang='lat' dir='ltr'>opi·</span> <span class='ocrx_word' id='word_1_14' title='bbox 1097 502 1287 599; x_wconf 86' lang='lat' dir='ltr'>aSynodo</span> <span class='ocrx_word' id='word_1_15' title='bbox 1314 505 1500 580; x_wconf 87' lang='lat' dir='ltr'>abducere.</span> <span class='ocrx_word' id='word_1_16' title='bbox 1551 499 1674 576; x_wconf 79' lang='lat' dir='ltr'>Ateaii</span> <span class='ocrx_word' id='word_1_17' title='bbox 1703 507 1837 580; x_wconf 86' lang='lat' dir='ltr'>litteras</span> <span class='ocrx_word' id='word_1_18' title='bbox 1866 509 2013 602; x_wconf 90' lang='lat' dir='ltr'>scriptas</span> <span class='ocrx_word' id='word_1_19' title='bbox 2042 513 2089 586; x_wconf 74' lang='lat' dir='ltr'>aa</span> 
     </span>
     <span class='ocr_line' id='line_1_3' title="bbox 87 597 2088 703; baseline 0.002 -26"><span class='ocrx_word' id='word_1_20' title='bbox 87 630 148 690; x_wconf 89' lang='lat' dir='ltr'>nor,</span> <span class='ocrx_word' id='word_1_21' title='bbox 157 597 417 674; x_wconf 82' lang='lat' dir='ltr'>Demosthenem</span> <span class='ocrx_word' id='word_1_22' title='bbox 428 627 501 676; x_wconf 89' lang='lat' dir='ltr'>non</span> <span class='ocrx_word' id='word_1_23' title='bbox 514 603 633 674; x_wconf 92' lang='lat' dir='ltr'>minus</span> <span class='ocrx_word' id='word_1_24' title='bbox 646 601 893 676; x_wconf 86' lang='lat' dir='ltr'>abhorrereab</span> <span class='ocrx_word' id='word_1_25' title='bbox 908 601 964 676; x_wconf 90' lang='lat' dir='ltr'>his</span> <span class='ocrx_word' id='word_1_26' title='bbox 974 607 1043 676; x_wconf 90' lang='lat' dir='ltr'>mi·</span> <span class='ocrx_word' id='word_1_27' title='bbox 1095 603 1230 694; x_wconf 81' lang='lat' dir='ltr'>Regem</span> <span class='ocrx_word' id='word_1_28' title='bbox 1254 601 1445 694; x_wconf 89' lang='lat' dir='ltr'>Anglicum</span> <span class='ocrx_word' id='word_1_29' title='bbox 1465 619 1501 678; x_wconf 92' lang='lat' dir='ltr'>et</span> <span class='ocrx_word' id='word_1_30' title='bbox 1522 607 1566 677; x_wconf 90' lang='lat' dir='ltr'>ad</span> <span class='ocrx_word' id='word_1_31' title='bbox 1589 605 1899 691; x_wconf 89' lang='lat' dir='ltr'>Cantuariensem,</span> <span class='ocrx_word' id='word_1_32' title='bbox 1927 604 2034 681; x_wconf 87' lang='lat' dir='ltr'>hodie</span> <span class='ocrx_word' id='word_1_33' title='bbox 2049 603 2088 703; x_wconf 73' lang='lat'>*)</span> 
     </span>
     <span class='ocr_line' id='line_1_4' title="bbox 84 701 2088 804; baseline 0.003 -28"><span class='ocrx_word' id='word_1_34' title='bbox 84 703 283 800; x_wconf 85' lang='lat' dir='ltr'>grationibus,</span> <span class='ocrx_word' id='word_1_35' title='bbox 301 727 407 796; x_wconf 88' lang='lat' dir='ltr'>quam</span> <span class='ocrx_word' id='word_1_36' title='bbox 434 727 498 794; x_wconf 87' lang='lat' dir='ltr'>ego</span> <span class='ocrx_word' id='word_1_37' title='bbox 521 701 696 776; x_wconf 79' lang='lat' dir='ltr'>abhorreo</span> <span class='ocrx_word' id='word_1_38' title='bbox 720 731 739 776; x_wconf 93' lang='lat' dir='ltr'>a</span> <span class='ocrx_word' id='word_1_39' title='bbox 764 707 974 796; x_wconf 74' lang='lat' dir='ltr'>migratione</span> <span class='ocrx_word' id='word_1_40' title='bbox 996 709 1040 778; x_wconf 89' lang='lat' dir='ltr'>ad</span> <span class='ocrx_word' id='word_1_41' title='bbox 1096 709 1198 778; x_wconf 88' lang='lat' dir='ltr'>trado</span> <span class='ocrx_word' id='word_1_42' title='bbox 1219 707 1351 776; x_wconf 89' lang='lat' dir='ltr'>nuncio</span> <span class='ocrx_word' id='word_1_43' title='bbox 1373 729 1446 778; x_wconf 89' lang='lat' dir='ltr'>uua</span> <span class='ocrx_word' id='word_1_44' title='bbox 1468 731 1549 778; x_wconf 89' lang='lat' dir='ltr'>cum</span> <span class='ocrx_word' id='word_1_45' title='bbox 1563 707 1651 778; x_wconf 92' lang='lat' dir='ltr'>meis</span> <span class='ocrx_word' id='word_1_46' title='bbox 1671 711 1897 804; x_wconf 81' lang='lat' dir='ltr'>perferendas</span> <span class='ocrx_word' id='word_1_47' title='bbox 1910 707 2088 798; x_wconf 87' lang='lat' dir='ltr'>Bremam,</span> 
     </span>
     <span class='ocr_line' id='line_1_5' title="bbox 85 801 1644 902; baseline 0.003 -21"><span class='ocrx_word' id='word_1_48' title='bbox 85 833 163 880; x_wconf 88' lang='lat' dir='ltr'>oram</span> <span class='ocrx_word' id='word_1_49' title='bbox 177 804 284 876; x_wconf 85' lang='lat' dir='ltr'>baltici</span> <span class='ocrx_word' id='word_1_50' title='bbox 300 805 441 876; x_wconf 88' lang='lat' dir='ltr'>littoris.</span> <span class='ocrx_word' id='word_1_51' title='bbox 498 801 710 898; x_wconf 74' lang='lat' dir='ltr'>Exemplum</span> <span class='ocrx_word' id='word_1_52' title='bbox 728 807 794 878; x_wconf 92' lang='lat' dir='ltr'>tibi</span> <span class='ocrx_word' id='word_1_53' title='bbox 808 811 923 894; x_wconf 90' lang='lat' dir='ltr'>dono,</span> <span class='ocrx_word' id='word_1_54' title='bbox 944 811 1039 902; x_wconf 84' lang='lat' dir='ltr'>quod</span> <span class='ocrx_word' id='word_1_55' title='bbox 1094 810 1191 879; x_wconf 92' lang='lat' dir='ltr'>unde</span> <span class='ocrx_word' id='word_1_56' title='bbox 1209 808 1396 880; x_wconf 71' lang='lat' dir='ltr'>mittentur</span> <span class='ocrx_word' id='word_1_57' title='bbox 1410 807 1447 880; x_wconf 86' lang='lat' dir='ltr'>iss</span> <span class='ocrx_word' id='word_1_58' title='bbox 1465 803 1644 902; x_wconf 75' lang='lat' dir='ltr'>Angliam.</span> 
     </span>
    </p>

    <p class='ocr_par' dir='ltr' id='par_1_3' title="bbox 81 901 1041 1003">
     <span class='ocr_line' id='line_1_6' title="bbox 81 901 1041 1003; baseline -0.002 -21"><span class='ocrx_word' id='word_1_59' title='bbox 81 933 144 982; x_wconf 88' lang='lat' dir='ltr'>cum</span> <span class='ocrx_word' id='word_1_60' title='bbox 174 908 272 992; x_wconf 81' lang='lat' dir='ltr'>leges,</span> <span class='ocrx_word' id='word_1_61' title='bbox 308 901 404 976; x_wconf 86' lang='lat' dir='ltr'>haud</span> <span class='ocrx_word' id='word_1_62' title='bbox 438 907 547 978; x_wconf 89' lang='lat' dir='ltr'>dubie</span> <span class='ocrx_word' id='word_1_63' title='bbox 581 909 802 997; x_wconf 76' lang='lat' dir='ltr'>diligentiam</span> <span class='ocrx_word' id='word_1_64' title='bbox 836 909 1041 1003; x_wconf 89' lang='lat' dir='ltr'>interpretis</span> 
     </span>
    </p>

    <p class='ocr_par' dir='ltr' id='par_1_4' title="bbox 77 991 2038 1204">
     <span class='ocr_line' id='line_1_7' title="bbox 81 991 2038 1102; baseline 0.003 -20"><span class='ocrx_word' id='word_1_65' title='bbox 81 1009 224 1082; x_wconf 78' lang='lat' dir='ltr'>laudabis</span> <span class='ocrx_word' id='word_1_66' title='bbox 266 1003 399 1078; x_wconf 66' lang='lat' dir='ltr'>baino</span> <span class='ocrx_word' id='word_1_67' title='bbox 426 1010 543 1099; x_wconf 87' lang='lat' dir='ltr'>operis</span> <span class='ocrx_word' id='word_1_68' title='bbox 568 1009 702 1098; x_wconf 75' lang='lat' dir='ltr'>gratior</span> <span class='ocrx_word' id='word_1_69' title='bbox 733 1011 870 1102; x_wconf 82' lang='lat' dir='ltr'>luisset,</span> <span class='ocrx_word' id='word_1_70' title='bbox 903 1012 933 1082; x_wconf 88' lang='lat' dir='ltr'>si</span> <span class='ocrx_word' id='word_1_71' title='bbox 965 1035 1041 1082; x_wconf 87' lang='lat' dir='ltr'>non</span> <span class='ocrx_word' id='word_1_72' title='bbox 1794 991 1888 1068; x_wconf 66' lang='lat' dir='ltr'>Phil·</span> <span class='ocrx_word' id='word_1_73' title='bbox 1904 993 2038 1068; x_wconf 61' lang='grc' dir='ltr'>Μθιθῦ·</span> 
     </span>
     <span class='ocr_line' id='line_1_8' title="bbox 77 1105 1040 1204; baseline 0.003 -22"><span class='ocrx_word' id='word_1_74' title='bbox 77 1124 169 1182; x_wconf 84' lang='lat' dir='ltr'>essem</span> <span class='ocrx_word' id='word_1_75' title='bbox 182 1107 313 1180; x_wconf 89' lang='lat' dir='ltr'>additae</span> <span class='ocrx_word' id='word_1_76' title='bbox 328 1108 482 1200; x_wconf 90' lang='lat' dir='ltr'>ineptiae</span> <span class='ocrx_word' id='word_1_77' title='bbox 495 1105 669 1204; x_wconf 81' lang='lat' dir='ltr'>Ulpiani.</span> <span class='ocrx_word' id='word_1_78' title='bbox 721 1108 791 1182; x_wconf 89' lang='lat' dir='ltr'>Sed</span> <span class='ocrx_word' id='word_1_79' title='bbox 808 1106 895 1182; x_wconf 85' lang='lat' dir='ltr'>haec</span> <span class='ocrx_word' id='word_1_80' title='bbox 909 1136 1040 1186; x_wconf 87' lang='lat' dir='ltr'>coram.</span> 
     </span>
    </p>
   </div>
   <div class='ocr_carea' id='block_1_3' title="bbox 75 1204 1040 1410">
    <p class='ocr_par' dir='ltr' id='par_1_5' title="bbox 75 1204 1040 1410">
     <span class='ocr_line' id='line_1_9' title="bbox 80 1204 1040 1308; baseline 0 -26"><span class='ocrx_word' id='word_1_81' title='bbox 80 1209 172 1282; x_wconf 85' lang='lat' dir='ltr'>Valde</span> <span class='ocrx_word' id='word_1_82' title='bbox 184 1225 215 1282; x_wconf 91' lang='lat' dir='ltr'>te</span> <span class='ocrx_word' id='word_1_83' title='bbox 229 1233 309 1294; x_wconf 91' lang='lat' dir='ltr'>oro,</span> <span class='ocrx_word' id='word_1_84' title='bbox 335 1223 375 1281; x_wconf 90' lang='lat' dir='ltr'>ut</span> <span class='ocrx_word' id='word_1_85' title='bbox 390 1211 495 1282; x_wconf 90' lang='lat' dir='ltr'>nohis</span> <span class='ocrx_word' id='word_1_86' title='bbox 509 1213 742 1304; x_wconf 87' lang='lat' dir='ltr'>respondeas,</span> <span class='ocrx_word' id='word_1_87' title='bbox 767 1223 803 1283; x_wconf 87' lang='lat' dir='ltr'>et</span> <span class='ocrx_word' id='word_1_88' title='bbox 818 1215 862 1283; x_wconf 90' lang='lat' dir='ltr'>dc</span> <span class='ocrx_word' id='word_1_89' title='bbox 878 1204 1040 1308; x_wconf 84' lang='lat' dir='ltr'>Cigtera,</span> 
     </span>
     <span class='ocr_line' id='line_1_10' title="bbox 75 1307 1039 1410; baseline 0.006 -28"><span class='ocrx_word' id='word_1_90' title='bbox 75 1327 100 1382; x_wconf 89' lang='lat' dir='ltr'>et</span> <span class='ocrx_word' id='word_1_91' title='bbox 112 1326 147 1384; x_wconf 92' lang='lat' dir='ltr'>ut</span> <span class='ocrx_word' id='word_1_92' title='bbox 162 1314 280 1395; x_wconf 85' lang='lat' dir='ltr'>sciam,</span> <span class='ocrx_word' id='word_1_93' title='bbox 305 1335 351 1380; x_wconf 87' lang='lat' dir='ltr'>an</span> <span class='ocrx_word' id='word_1_94' title='bbox 365 1307 616 1384; x_wconf 75' lang='lat' dir='ltr'>Demosthenis</span> <span class='ocrx_word' id='word_1_95' title='bbox 636 1314 834 1404; x_wconf 81' lang='lat' dir='ltr'>exemplum</span> <span class='ocrx_word' id='word_1_96' title='bbox 855 1315 1039 1410; x_wconf 78' lang='lat' dir='ltr'>acceperis.</span> 
     </span>
    </p>
   </div>
   <div class='ocr_carea' id='block_1_4' title="bbox 73 1407 2088 1592">
    <p class='ocr_par' dir='ltr' id='par_1_6' title="bbox 73 1407 2088 1592">
     <span class='ocr_line' id='line_1_11' title="bbox 73 1407 2088 1526; baseline -0.003 -42"><span class='ocrx_word' id='word_1_97' title='bbox 73 1411 153 1484; x_wconf 86' lang='lat' dir='ltr'>Bene</span> <span class='ocrx_word' id='word_1_98' title='bbox 167 1413 247 1485; x_wconf 86' lang='lat' dir='ltr'>vale.</span> <span class='ocrx_word' id='word_1_99' title='bbox 298 1407 437 1484; x_wconf 83' lang='lat' dir='ltr'>Octavo</span> <span class='ocrx_word' id='word_1_100' title='bbox 450 1411 598 1490; x_wconf 89' lang='lat' dir='ltr'>Calend.</span> <span class='ocrx_word' id='word_1_101' title='bbox 613 1411 720 1485; x_wconf 89' lang='lat' dir='ltr'>lunii.</span> <span class='ocrx_word' id='word_1_102' title='bbox 1092 1443 1159 1518; x_wconf 49' lang='lat' dir='ltr'>No·</span> <span class='ocrx_word' id='word_1_103' title='bbox 1177 1443 1292 1518; x_wconf 52' lang='lat'><strong>4727·</strong></span> <span class='ocrx_word' id='word_1_104' title='bbox 1931 1459 1989 1524; x_wconf 44' lang='grc' dir='ltr'>Μ.</span> <span class='ocrx_word' id='word_1_105' title='bbox 2003 1451 2088 1526; x_wconf 58' lang='lat' dir='ltr'><strong><em>m</em></strong></span> 
     </span>
     <span class='ocr_line' id='line_1_12' title="bbox 653 1509 2086 1592; baseline -0.003 -6"><span class='ocrx_word' id='word_1_106' title='bbox 653 1511 747 1586; x_wconf 87' lang='lat' dir='ltr'>Phil.</span> <span class='ocrx_word' id='word_1_107' title='bbox 761 1509 988 1592; x_wconf 82' lang='lat' dir='ltr'>Melanthea.</span> <span class='ocrx_word' id='word_1_108' title='bbox 1098 1539 1270 1572; x_wconf 57' lang='lat' dir='ltr'>...m</span> <span class='ocrx_word' id='word_1_109' title='bbox 1946 1537 2086 1574; x_wconf 60' lang='lat' dir='ltr'>..w</span> 
     </span>
    </p>
   </div>
   <div class='ocr_carea' id='block_1_5' title="bbox 1379 1653 1805 1778">
    <p class='ocr_par' dir='ltr' id='par_1_7' title="bbox 1379 1653 1805 1778">
     <span class='ocr_line' id='line_1_13' title="bbox 1379 1653 1805 1778; baseline 0.005 -30"><span class='ocrx_word' id='word_1_110' title='bbox 1379 1653 1552 1778; x_wconf 81' lang='lat' dir='ltr'>Wotfp.</span> <span class='ocrx_word' id='word_1_111' title='bbox 1579 1657 1805 1774; x_wconf 71' lang='lat' dir='ltr'>Ampiae.</span> 
     </span>
    </p>
   </div>
   <div class='ocr_carea' id='block_1_6' title="bbox 71 1833 2088 1942">
    <p class='ocr_par' dir='ltr' id='par_1_8' title="bbox 71 1833 2088 1942">
     <span class='ocr_line' id='line_1_14' title="bbox 71 1833 2088 1942; baseline -0.01 -28"><span class='ocrx_word' id='word_1_112' title='bbox 71 1861 127 1938; x_wconf 65' lang='lat' dir='ltr'>p,</span> <span class='ocrx_word' id='word_1_113' title='bbox 142 1863 248 1939; x_wconf 78' lang='lat'>4726.</span> <span class='ocrx_word' id='word_1_114' title='bbox 881 1867 1037 1942; x_wconf 43' lang='lat' dir='ltr'>Md,</span> <span class='ocrx_word' id='word_1_115' title='bbox 1159 1834 1334 1906; x_wconf 67' lang='lat' dir='ltr'>aeaeae·</span> <span class='ocrx_word' id='word_1_116' title='bbox 1350 1833 1485 1910; x_wconf 62' lang='lat' dir='ltr'>septena</span> <span class='ocrx_word' id='word_1_117' title='bbox 1503 1839 1575 1906; x_wconf 69' lang='lat' dir='ltr'>(aaa</span> <span class='ocrx_word' id='word_1_118' title='bbox 1593 1835 1659 1892; x_wconf 76' lang='lat' dir='ltr'>arar</span> <span class='ocrx_word' id='word_1_119' title='bbox 1677 1837 1767 1910; x_wconf 58' lang='lat' dir='ltr'>mer)</span> <span class='ocrx_word' id='word_1_120' title='bbox 1784 1837 1919 1912; x_wconf 64' lang='lat' dir='ltr'>scarpo</span> <span class='ocrx_word' id='word_1_121' title='bbox 1938 1859 1955 1896; x_wconf 72' lang='lat' dir='ltr'>s</span> <span class='ocrx_word' id='word_1_122' title='bbox 1972 1839 2088 1902; x_wconf 61' lang='lat' dir='ltr'>canta</span> 
     </span>
    </p>
   </div>
   <div class='ocr_carea' id='block_1_7' title="bbox 65 1955 2089 2108">
    <p class='ocr_par' dir='ltr' id='par_1_9' title="bbox 65 1955 2089 2108">
     <span class='ocr_line' id='line_1_15' title="bbox 65 1955 1032 2000; baseline -0.009 1"><span class='ocrx_word' id='word_1_123' title='bbox 65 1955 259 2000; x_wconf 52' lang='lat' dir='ltr'><em>m</em></span> <span class='ocrx_word' id='word_1_124' title='bbox 859 1959 1032 1992; x_wconf 52' lang='lat' dir='ltr'>ww</span> 
     </span>
     <span class='ocr_line' id='line_1_16' title="bbox 1095 2001 2089 2108; baseline -0.002 -25"><span class='ocrx_word' id='word_1_125' title='bbox 1095 2004 1318 2084; x_wconf 81' lang='lat' dir='ltr'>Venerabili</span> <span class='ocrx_word' id='word_1_126' title='bbox 1332 2005 1429 2096; x_wconf 79' lang='lat' dir='ltr'>viro,</span> <span class='ocrx_word' id='word_1_127' title='bbox 1451 2001 1655 2079; x_wconf 83' lang='lat' dir='ltr'>eruditione</span> <span class='ocrx_word' id='word_1_128' title='bbox 1671 2015 1703 2078; x_wconf 90' lang='lat' dir='ltr'>et</span> <span class='ocrx_word' id='word_1_129' title='bbox 1726 2007 1855 2082; x_wconf 84' lang='lat' dir='ltr'>virtute</span> <span class='ocrx_word' id='word_1_130' title='bbox 1867 2011 2089 2108; x_wconf 76' lang='lat' dir='ltr'>praestanti,</span> 
     </span>
    </p>
   </div>
   <div class='ocr_carea' id='block_1_8' title="bbox 114 2041 2091 2290">
    <p class='ocr_par' dir='ltr' id='par_1_10' title="bbox 114 2041 2091 2290">
     <span class='ocr_line' id='line_1_17' title="bbox 154 2041 2091 2215; baseline 0.01 -51"><span class='ocrx_word' id='word_1_131' title='bbox 154 2193 161 2214; x_wconf 89' lang='lat'>.</span> <span class='ocrx_word' id='word_1_132' title='bbox 309 2041 460 2133; x_wconf 63' lang='lat' dir='ltr'><em>1⁰⁰⁰h·</em></span> <span class='ocrx_word' id='word_1_133' title='bbox 489 2043 777 2215; x_wconf 39' lang='lat' dir='ltr'><strong><em>camma·</em></strong></span> <span class='ocrx_word' id='word_1_134' title='bbox 1098 2107 1214 2186; x_wconf 89' lang='lat' dir='ltr'>Wot</span> <span class='ocrx_word' id='word_1_135' title='bbox 1210 2110 1404 2210; x_wconf 88' lang='lat' dir='ltr'>sgango</span> <span class='ocrx_word' id='word_1_136' title='bbox 1429 2107 1507 2182; x_wconf 84' lang='lat' dir='ltr'>Am</span> <span class='ocrx_word' id='word_1_137' title='bbox 1515 2105 1647 2208; x_wconf 81' lang='lat' dir='ltr'>pher,</span> <span class='ocrx_word' id='word_1_138' title='bbox 1672 2110 1819 2208; x_wconf 83' lang='lat' dir='ltr'>pastori</span> <span class='ocrx_word' id='word_1_139' title='bbox 1830 2109 1996 2185; x_wconf 67' lang='lat' dir='ltr'>ecctmiae</span> <span class='ocrx_word' id='word_1_140' title='bbox 2010 2107 2091 2184; x_wconf 87' lang='lat' dir='ltr'>Dei</span> 
     </span>
     <span class='ocr_line' id='line_1_18' title="bbox 114 2197 1724 2290; baseline 0.017 -36"><span class='ocrx_word' id='word_1_141' title='bbox 114 2197 196 2272; x_wconf 70' lang='grc' dir='ltr'><strong>Εριιι</strong></span> <span class='ocrx_word' id='word_1_142' title='bbox 208 2199 243 2256; x_wconf 77' lang='lat' dir='ltr'>art</span> <span class='ocrx_word' id='word_1_143' title='bbox 260 2201 402 2260; x_wconf 65' lang='lat' dir='ltr'>camon.</span> <span class='ocrx_word' id='word_1_144' title='bbox 418 2219 446 2274; x_wconf 80' lang='lat' dir='ltr'>e·</span> <span class='ocrx_word' id='word_1_145' title='bbox 462 2200 568 2290; x_wconf 56' lang='lat' dir='ltr'>etseq.</span> <span class='ocrx_word' id='word_1_146' title='bbox 586 2200 641 2270; x_wconf 73' lang='lat' dir='ltr'>tet.</span> <span class='ocrx_word' id='word_1_147' title='bbox 656 2200 742 2259; x_wconf 73' lang='lat' dir='ltr'>tont.</span> <span class='ocrx_word' id='word_1_148' title='bbox 759 2201 809 2258; x_wconf 77' lang='lat'>¹¹¹²·</span> <span class='ocrx_word' id='word_1_149' title='bbox 821 2199 869 2258; x_wconf 73' lang='grc' dir='ltr'>Ν·</span> <span class='ocrx_word' id='word_1_150' title='bbox 882 2218 925 2274; x_wconf 77' lang='lat' dir='ltr'>et·</span> <span class='ocrx_word' id='word_1_151' title='bbox 938 2199 1021 2272; x_wconf 65' lang='lat' dir='ltr'>md</span> <span class='ocrx_word' id='word_1_152' title='bbox 1458 2209 1499 2280; x_wconf 88' lang='lat' dir='ltr'>in</span> <span class='ocrx_word' id='word_1_153' title='bbox 1515 2203 1724 2282; x_wconf 80' lang='lat' dir='ltr'>Schemnitz</span> 
     </span>
    </p>
   </div>
   <div class='ocr_carea' id='block_1_9' title="bbox 52 2343 2181 4472">
    <p class='ocr_par' dir='ltr' id='par_1_11' title="bbox 52 2343 2181 4472">
     <span class='ocr_line' id='line_1_19' title="bbox 52 2343 2087 2460; baseline 0.004 -32"><span class='ocrx_word' id='word_1_154' title='bbox 52 2343 266 2430; x_wconf 84' lang='lat' dir='ltr'>Clarissimo</span> <span class='ocrx_word' id='word_1_155' title='bbox 287 2358 365 2431; x_wconf 81' lang='lat' dir='ltr'>viro</span> <span class='ocrx_word' id='word_1_156' title='bbox 386 2354 588 2430; x_wconf 81' lang='lat' dir='ltr'>eruditione</span> <span class='ocrx_word' id='word_1_157' title='bbox 621 2367 653 2431; x_wconf 90' lang='lat' dir='ltr'>et</span> <span class='ocrx_word' id='word_1_158' title='bbox 678 2357 808 2431; x_wconf 82' lang='lat' dir='ltr'>virtute</span> <span class='ocrx_word' id='word_1_159' title='bbox 827 2358 1041 2460; x_wconf 83' lang='lat' dir='ltr'>praestanti</span> <span class='ocrx_word' id='word_1_160' title='bbox 1090 2349 1139 2440; x_wconf 81' lang='lat' dir='ltr'>S.</span> <span class='ocrx_word' id='word_1_161' title='bbox 1161 2360 1208 2438; x_wconf 89' lang='lat' dir='ltr'>D.</span> <span class='ocrx_word' id='word_1_162' title='bbox 1262 2359 1471 2432; x_wconf 65' lang='lat' dir='ltr'>venerande</span> <span class='ocrx_word' id='word_1_163' title='bbox 1487 2359 1543 2430; x_wconf 80' lang='lat' dir='ltr'>vir</span> <span class='ocrx_word' id='word_1_164' title='bbox 1559 2375 1594 2432; x_wconf 92' lang='lat' dir='ltr'>et</span> <span class='ocrx_word' id='word_1_165' title='bbox 1607 2361 1719 2432; x_wconf 88' lang='lat' dir='ltr'>amice</span> <span class='ocrx_word' id='word_1_166' title='bbox 1733 2355 1949 2436; x_wconf 79' lang='lat' dir='ltr'>charissime.</span> <span class='ocrx_word' id='word_1_167' title='bbox 1972 2359 2087 2452; x_wconf 79' lang='lat' dir='ltr'>Ante-</span> 
     </span>
     <span class='ocr_line' id='line_1_20' title="bbox 69 2451 2086 2562; baseline 0.003 -31"><span class='ocrx_word' id='word_1_168' title='bbox 69 2455 314 2532; x_wconf 75' lang='lat' dir='ltr'>loochimo</span> <span class='ocrx_word' id='word_1_169' title='bbox 340 2451 623 2532; x_wconf 83' lang='lat' dir='ltr'>Camerario</span> <span class='ocrx_word' id='word_1_170' title='bbox 638 2459 766 2562; x_wconf 87' lang='lat' dir='ltr'>sratri</span> <span class='ocrx_word' id='word_1_171' title='bbox 788 2486 858 2534; x_wconf 88' lang='lat' dir='ltr'>sua</span> <span class='ocrx_word' id='word_1_172' title='bbox 883 2459 1013 2538; x_wconf 77' lang='lat' dir='ltr'>carisa.</span> <span class='ocrx_word' id='word_1_173' title='bbox 1090 2489 1196 2562; x_wconf 87' lang='lat' dir='ltr'>quam</span> <span class='ocrx_word' id='word_1_174' title='bbox 1230 2458 1391 2532; x_wconf 86' lang='lat' dir='ltr'>Iacobus</span> <span class='ocrx_word' id='word_1_175' title='bbox 1413 2458 1738 2556; x_wconf 81' lang='lat' dir='ltr'>Argentoratensis</span> <span class='ocrx_word' id='word_1_176' title='bbox 1771 2477 1869 2536; x_wconf 88' lang='lat' dir='ltr'>tuam</span> <span class='ocrx_word' id='word_1_177' title='bbox 1901 2465 2086 2556; x_wconf 90' lang='lat' dir='ltr'>epistolam</span> 
     </span>
     <span class='ocr_line' id='line_1_21' title="bbox 1089 2563 2181 2658; baseline -0.002 -20"><span class='ocrx_word' id='word_1_178' title='bbox 1089 2565 1236 2644; x_wconf 85' lang='lat' dir='ltr'>adtulit,</span> <span class='ocrx_word' id='word_1_179' title='bbox 1261 2565 1345 2634; x_wconf 90' lang='lat' dir='ltr'>dedi</span> <span class='ocrx_word' id='word_1_180' title='bbox 1359 2565 1490 2634; x_wconf 91' lang='lat' dir='ltr'>nostris</span> <span class='ocrx_word' id='word_1_181' title='bbox 1506 2563 1727 2634; x_wconf 78' lang='lat' dir='ltr'>auditoribus</span> <span class='ocrx_word' id='word_1_182' title='bbox 1746 2563 1838 2636; x_wconf 90' lang='lat' dir='ltr'>istnc</span> <span class='ocrx_word' id='word_1_183' title='bbox 1857 2567 2086 2658; x_wconf 81' lang='lat' dir='ltr'>probciscen·</span> <span class='ocrx_word' id='word_1_184' title='bbox 2176 2586 2181 2595; x_wconf 91' lang='lat'>·</span> 
     </span>
     <span class='ocr_line' id='line_1_22' title="bbox 1089 2665 2085 2760; baseline 0 -20"><span class='ocrx_word' id='word_1_185' title='bbox 1089 2669 1184 2740; x_wconf 89' lang='lat' dir='ltr'>tibus</span> <span class='ocrx_word' id='word_1_186' title='bbox 1199 2667 1336 2751; x_wconf 82' lang='lat' dir='ltr'>literas,</span> <span class='ocrx_word' id='word_1_187' title='bbox 1359 2665 1550 2760; x_wconf 87' lang='lat' dir='ltr'>inquibus</span> <span class='ocrx_word' id='word_1_188' title='bbox 1571 2665 1730 2746; x_wconf 88' lang='lat' dir='ltr'>ostendi,</span> <span class='ocrx_word' id='word_1_189' title='bbox 1754 2689 1812 2736; x_wconf 88' lang='lat' dir='ltr'>sne</span> <span class='ocrx_word' id='word_1_190' title='bbox 1827 2667 1930 2738; x_wconf 83' lang='lat' dir='ltr'>valde</span> <span class='ocrx_word' id='word_1_191' title='bbox 1943 2666 2085 2740; x_wconf 87' lang='lat' dir='ltr'>deside·</span> 
     </span>
     <span class='ocr_line' id='line_1_23' title="bbox 1089 2762 2084 2850; baseline 0.002 -10"><span class='ocrx_word' id='word_1_192' title='bbox 1089 2793 1168 2841; x_wconf 86' lang='lat' dir='ltr'>rare</span> <span class='ocrx_word' id='word_1_193' title='bbox 1180 2783 1259 2841; x_wconf 92' lang='lat' dir='ltr'>tuas</span> <span class='ocrx_word' id='word_1_194' title='bbox 1273 2767 1403 2842; x_wconf 86' lang='lat' dir='ltr'>literas.</span> <span class='ocrx_word' id='word_1_195' title='bbox 1454 2765 1558 2838; x_wconf 88' lang='lat' dir='ltr'>Certe</span> <span class='ocrx_word' id='word_1_196' title='bbox 1573 2764 1669 2835; x_wconf 89' lang='lat' dir='ltr'>enim</span> <span class='ocrx_word' id='word_1_197' title='bbox 1684 2779 1719 2836; x_wconf 90' lang='lat' dir='ltr'>et</span> <span class='ocrx_word' id='word_1_198' title='bbox 1733 2769 1777 2836; x_wconf 90' lang='lat' dir='ltr'>de</span> <span class='ocrx_word' id='word_1_199' title='bbox 1783 2762 1941 2838; x_wconf 81' lang='lat' dir='ltr'>Ecclesia</span> <span class='ocrx_word' id='word_1_200' title='bbox 1956 2783 2084 2850; x_wconf 83' lang='lat' dir='ltr'>vestra,</span> 
     </span>
     <span class='ocr_line' id='line_1_24' title="bbox 1088 2865 2084 2960; baseline 0 -17"><span class='ocrx_word' id='word_1_201' title='bbox 1088 2885 1122 2943; x_wconf 93' lang='lat' dir='ltr'>et</span> <span class='ocrx_word' id='word_1_202' title='bbox 1136 2872 1181 2941; x_wconf 90' lang='lat' dir='ltr'>de</span> <span class='ocrx_word' id='word_1_203' title='bbox 1193 2884 1228 2940; x_wconf 90' lang='lat' dir='ltr'>tc</span> <span class='ocrx_word' id='word_1_204' title='bbox 1246 2881 1325 2960; x_wconf 93' lang='lat' dir='ltr'>post</span> <span class='ocrx_word' id='word_1_205' title='bbox 1339 2867 1430 2938; x_wconf 90' lang='lat' dir='ltr'>illud</span> <span class='ocrx_word' id='word_1_206' title='bbox 1446 2881 1547 2939; x_wconf 90' lang='lat' dir='ltr'>tuum</span> <span class='ocrx_word' id='word_1_207' title='bbox 1567 2867 1636 2939; x_wconf 91' lang='lat' dir='ltr'>iter</span> <span class='ocrx_word' id='word_1_208' title='bbox 1649 2867 1813 2960; x_wconf 63' lang='lat' dir='ltr'>rugium.</span> <span class='ocrx_word' id='word_1_209' title='bbox 1864 2865 1950 2942; x_wconf 81' lang='lat' dir='ltr'>Fuit</span> <span class='ocrx_word' id='word_1_210' title='bbox 1962 2882 2084 2942; x_wconf 87' lang='lat' dir='ltr'>autern</span> 
     </span>
     <span class='ocr_line' id='line_1_25' title="bbox 1086 2967 2084 3064; baseline 0 -22"><span class='ocrx_word' id='word_1_211' title='bbox 1086 2967 1179 3042; x_wconf 88' lang='lat' dir='ltr'>mihi</span> <span class='ocrx_word' id='word_1_212' title='bbox 1196 2984 1416 3064; x_wconf 83' lang='lat' dir='ltr'>pergratum,</span> <span class='ocrx_word' id='word_1_213' title='bbox 1441 2971 1538 3064; x_wconf 87' lang='lat' dir='ltr'>qnod</span> <span class='ocrx_word' id='word_1_214' title='bbox 1552 2967 1706 3040; x_wconf 72' lang='lat' dir='ltr'>&amp;natus</span> <span class='ocrx_word' id='word_1_215' title='bbox 1720 2969 1843 3061; x_wconf 87' lang='lat' dir='ltr'>oppidi</span> <span class='ocrx_word' id='word_1_216' title='bbox 1857 2971 1965 3042; x_wconf 85' lang='lat' dir='ltr'>vestri</span> <span class='ocrx_word' id='word_1_217' title='bbox 1979 2971 2024 3042; x_wconf 91' lang='lat' dir='ltr'>de</span> <span class='ocrx_word' id='word_1_218' title='bbox 2048 2985 2084 3044; x_wconf 87' lang='lat' dir='ltr'>ta</span> 
     </span>
     <span class='ocr_line' id='line_1_26' title="bbox 1086 3066 2083 3161; baseline -0.005 -17"><span class='ocrx_word' id='word_1_219' title='bbox 1086 3086 1246 3144; x_wconf 87' lang='lat' dir='ltr'>amanter</span> <span class='ocrx_word' id='word_1_220' title='bbox 1261 3084 1296 3142; x_wconf 91' lang='lat' dir='ltr'>et</span> <span class='ocrx_word' id='word_1_221' title='bbox 1310 3066 1502 3141; x_wconf 87' lang='lat' dir='ltr'>honorilice</span> <span class='ocrx_word' id='word_1_222' title='bbox 1518 3071 1563 3138; x_wconf 89' lang='lat' dir='ltr'>ad</span> <span class='ocrx_word' id='word_1_223' title='bbox 1587 3093 1642 3140; x_wconf 89' lang='lat' dir='ltr'>mc</span> <span class='ocrx_word' id='word_1_224' title='bbox 1657 3070 1809 3161; x_wconf 87' lang='lat' dir='ltr'>scripsit.</span> <span class='ocrx_word' id='word_1_225' title='bbox 1860 3069 1981 3144; x_wconf 87' lang='lat' dir='ltr'>Tuum</span> <span class='ocrx_word' id='word_1_226' title='bbox 1996 3096 2083 3142; x_wconf 88' lang='lat' dir='ltr'>con-</span> 
     </span>
     <span class='ocr_line' id='line_1_27' title="bbox 1086 3171 2082 3266; baseline -0.002 -22"><span class='ocrx_word' id='word_1_227' title='bbox 1086 3175 1206 3245; x_wconf 92' lang='lat' dir='ltr'>silium</span> <span class='ocrx_word' id='word_1_228' title='bbox 1221 3173 1325 3242; x_wconf 87' lang='lat' dir='ltr'>valde</span> <span class='ocrx_word' id='word_1_229' title='bbox 1341 3172 1472 3264; x_wconf 91' lang='lat' dir='ltr'>probo,</span> <span class='ocrx_word' id='word_1_230' title='bbox 1497 3172 1593 3264; x_wconf 91' lang='lat' dir='ltr'>quod</span> <span class='ocrx_word' id='word_1_231' title='bbox 1615 3171 1655 3240; x_wconf 91' lang='lat' dir='ltr'>in</span> <span class='ocrx_word' id='word_1_232' title='bbox 1679 3171 1826 3257; x_wconf 85' lang='lat' dir='ltr'>ritibus,</span> <span class='ocrx_word' id='word_1_233' title='bbox 1850 3197 1940 3266; x_wconf 90' lang='lat' dir='ltr'>quos</span> <span class='ocrx_word' id='word_1_234' title='bbox 1962 3187 2082 3264; x_wconf 89' lang='lat' dir='ltr'>pastor</span> 
     </span>
     <span class='ocr_line' id='line_1_28' title="bbox 1085 3266 2079 3368; baseline -0.002 -22"><span class='ocrx_word' id='word_1_235' title='bbox 1085 3289 1168 3346; x_wconf 86' lang='lat' dir='ltr'>ante</span> <span class='ocrx_word' id='word_1_236' title='bbox 1182 3289 1217 3346; x_wconf 88' lang='lat' dir='ltr'>te</span> <span class='ocrx_word' id='word_1_237' title='bbox 1227 3273 1409 3368; x_wconf 88' lang='lat' dir='ltr'>proximus</span> <span class='ocrx_word' id='word_1_238' title='bbox 1423 3271 1642 3357; x_wconf 85' lang='lat' dir='ltr'>observavit,</span> <span class='ocrx_word' id='word_1_239' title='bbox 1666 3266 1761 3342; x_wconf 90' lang='lat' dir='ltr'>nihil</span> <span class='ocrx_word' id='word_1_240' title='bbox 1778 3287 1903 3348; x_wconf 88' lang='lat' dir='ltr'>mutas.</span> <span class='ocrx_word' id='word_1_241' title='bbox 1938 3271 2028 3344; x_wconf 85' lang='lat' dir='ltr'>Nam</span> <span class='ocrx_word' id='word_1_242' title='bbox 2046 3288 2079 3344; x_wconf 93' lang='lat' dir='ltr'>et</span> 
     </span>
     <span class='ocr_line' id='line_1_29' title="bbox 1085 3373 2080 3464; baseline -0.005 -15"><span class='ocrx_word' id='word_1_243' title='bbox 1085 3379 1229 3448; x_wconf 87' lang='lat' dir='ltr'>crebrae</span> <span class='ocrx_word' id='word_1_244' title='bbox 1254 3373 1469 3446; x_wconf 86' lang='lat' dir='ltr'>mutationes</span> <span class='ocrx_word' id='word_1_245' title='bbox 1493 3373 1639 3446; x_wconf 88' lang='lat' dir='ltr'>turbant</span> <span class='ocrx_word' id='word_1_246' title='bbox 1660 3373 1784 3464; x_wconf 91' lang='lat' dir='ltr'>populi</span> <span class='ocrx_word' id='word_1_247' title='bbox 1807 3373 2080 3462; x_wconf 84' lang='lat' dir='ltr'>invocationem,</span> 
     </span>
     <span class='ocr_line' id='line_1_30' title="bbox 1085 3469 2079 3566; baseline 0 -18"><span class='ocrx_word' id='word_1_248' title='bbox 1085 3491 1310 3550; x_wconf 81' lang='lat' dir='ltr'>atterentem</span> <span class='ocrx_word' id='word_1_249' title='bbox 1332 3469 1508 3566; x_wconf 87' lang='lat' dir='ltr'>hospitem</span> <span class='ocrx_word' id='word_1_250' title='bbox 1531 3473 1620 3542; x_wconf 90' lang='lat' dir='ltr'>alios</span> <span class='ocrx_word' id='word_1_251' title='bbox 1643 3473 1732 3545; x_wconf 90' lang='lat' dir='ltr'>ritus</span> <span class='ocrx_word' id='word_1_252' title='bbox 1748 3473 1933 3544; x_wconf 88' lang='lat' dir='ltr'>instituere</span> <span class='ocrx_word' id='word_1_253' title='bbox 1953 3473 1993 3546; x_wconf 90' lang='lat' dir='ltr'>iu</span> <span class='ocrx_word' id='word_1_254' title='bbox 2007 3471 2079 3548; x_wconf 81' lang='lat' dir='ltr'>Ec-</span> 
     </span>
     <span class='ocr_line' id='line_1_31' title="bbox 1083 3572 2079 3674; baseline -0.005 -23"><span class='ocrx_word' id='word_1_255' title='bbox 1083 3581 1207 3662; x_wconf 88' lang='lat' dir='ltr'>clesia,</span> <span class='ocrx_word' id='word_1_256' title='bbox 1233 3601 1324 3674; x_wconf 87' lang='lat' dir='ltr'>quae</span> <span class='ocrx_word' id='word_1_257' title='bbox 1339 3575 1409 3645; x_wconf 91' lang='lat' dir='ltr'>iam</span> <span class='ocrx_word' id='word_1_258' title='bbox 1425 3575 1483 3666; x_wconf 91' lang='lat' dir='ltr'>pie</span> <span class='ocrx_word' id='word_1_259' title='bbox 1497 3573 1685 3646; x_wconf 87' lang='lat' dir='ltr'>constituta</span> <span class='ocrx_word' id='word_1_260' title='bbox 1703 3587 1773 3660; x_wconf 89' lang='lat' dir='ltr'>est,</span> <span class='ocrx_word' id='word_1_261' title='bbox 1797 3575 1973 3651; x_wconf 88' lang='lat' dir='ltr'>odiosum.</span> <span class='ocrx_word' id='word_1_262' title='bbox 2026 3572 2079 3646; x_wconf 83' lang='lat' dir='ltr'>Ac</span> 
     </span>
     <span class='ocr_line' id='line_1_32' title="bbox 1084 3673 2078 3752; baseline -0.003 -1"><span class='ocrx_word' id='word_1_263' title='bbox 1084 3681 1198 3752; x_wconf 81' lang='lat' dir='ltr'>msslto</span> <span class='ocrx_word' id='word_1_264' title='bbox 1222 3679 1341 3750; x_wconf 88' lang='lat' dir='ltr'>minus</span> <span class='ocrx_word' id='word_1_265' title='bbox 1362 3676 1471 3746; x_wconf 83' lang='lat' dir='ltr'>velim</span> <span class='ocrx_word' id='word_1_266' title='bbox 1493 3673 1634 3746; x_wconf 87' lang='lat' dir='ltr'>restitui</span> <span class='ocrx_word' id='word_1_267' title='bbox 1653 3674 1920 3750; x_wconf 87' lang='lat' dir='ltr'>abolitosritus.</span> <span class='ocrx_word' id='word_1_268' title='bbox 1970 3673 2078 3748; x_wconf 87' lang='lat' dir='ltr'>Prae-</span> 
     </span>
     <span class='ocr_line' id='line_1_33' title="bbox 1083 3769 2078 3869; baseline -0.005 -17"><span class='ocrx_word' id='word_1_269' title='bbox 1083 3783 1204 3854; x_wconf 86' lang='lat' dir='ltr'>sertim</span> <span class='ocrx_word' id='word_1_270' title='bbox 1238 3793 1355 3850; x_wconf 87' lang='lat' dir='ltr'>autem</span> <span class='ocrx_word' id='word_1_271' title='bbox 1385 3775 1550 3869; x_wconf 90' lang='lat' dir='ltr'>displicet</span> <span class='ocrx_word' id='word_1_272' title='bbox 1577 3769 1667 3844; x_wconf 87' lang='lat' dir='ltr'>mihi</span> <span class='ocrx_word' id='word_1_273' title='bbox 1691 3771 1754 3846; x_wconf 87' lang='lat' dir='ltr'>illa</span> <span class='ocrx_word' id='word_1_274' title='bbox 1780 3777 2000 3849; x_wconf 88' lang='lat' dir='ltr'>consuetudo</span> <span class='ocrx_word' id='word_1_275' title='bbox 2025 3777 2078 3848; x_wconf 92' lang='lat' dir='ltr'>le-</span> 
     </span>
     <span class='ocr_line' id='line_1_34' title="bbox 1082 3877 2076 3978; baseline -0.006 -24"><span class='ocrx_word' id='word_1_276' title='bbox 1082 3881 1191 3954; x_wconf 86' lang='lat' dir='ltr'>vandi</span> <span class='ocrx_word' id='word_1_277' title='bbox 1214 3879 1393 3978; x_wconf 85' lang='lat' dir='ltr'>symbola,</span> <span class='ocrx_word' id='word_1_278' title='bbox 1419 3903 1525 3974; x_wconf 87' lang='lat' dir='ltr'>quam</span> <span class='ocrx_word' id='word_1_279' title='bbox 1550 3900 1625 3947; x_wconf 91' lang='lat' dir='ltr'>non</span> <span class='ocrx_word' id='word_1_280' title='bbox 1648 3877 1756 3948; x_wconf 83' lang='lat' dir='ltr'>tuisse</span> <span class='ocrx_word' id='word_1_281' title='bbox 1780 3877 1886 3949; x_wconf 89' lang='lat' dir='ltr'>talem</span> <span class='ocrx_word' id='word_1_282' title='bbox 1909 3879 1949 3950; x_wconf 94' lang='lat' dir='ltr'>in</span> <span class='ocrx_word' id='word_1_283' title='bbox 1964 3881 2076 3950; x_wconf 85' lang='lat' dir='ltr'>veteri</span> 
     </span>
     <span class='ocr_line' id='line_1_35' title="bbox 1081 3975 2075 4075; baseline -0.01 -17"><span class='ocrx_word' id='word_1_284' title='bbox 1081 3983 1241 4058; x_wconf 82' lang='lat' dir='ltr'>Ecclesia</span> <span class='ocrx_word' id='word_1_285' title='bbox 1259 3995 1393 4052; x_wconf 86' lang='lat' dir='ltr'>certum</span> <span class='ocrx_word' id='word_1_286' title='bbox 1409 3995 1472 4056; x_wconf 89' lang='lat' dir='ltr'>est.</span> <span class='ocrx_word' id='word_1_287' title='bbox 1521 3975 1660 4050; x_wconf 86' lang='lat' dir='ltr'>Pendet</span> <span class='ocrx_word' id='word_1_288' title='bbox 1673 3991 1791 4050; x_wconf 88' lang='lat' dir='ltr'>autem</span> <span class='ocrx_word' id='word_1_289' title='bbox 1806 3975 1892 4050; x_wconf 89' lang='lat' dir='ltr'>haec</span> <span class='ocrx_word' id='word_1_290' title='bbox 1915 3982 2075 4075; x_wconf 88' lang='lat' dir='ltr'>quaestio</span> 
     </span>
     <span class='ocr_line' id='line_1_36' title="bbox 1081 4079 2074 4170; baseline -0.007 -13"><span class='ocrx_word' id='word_1_291' title='bbox 1081 4111 1122 4157; x_wconf 82' lang='lat' dir='ltr'>cx</span> <span class='ocrx_word' id='word_1_292' title='bbox 1136 4085 1216 4156; x_wconf 88' lang='lat' dir='ltr'>aliis</span> <span class='ocrx_word' id='word_1_293' title='bbox 1230 4084 1387 4168; x_wconf 86' lang='lat' dir='ltr'>duabus,</span> <span class='ocrx_word' id='word_1_294' title='bbox 1412 4083 1457 4151; x_wconf 86' lang='lat' dir='ltr'>de</span> <span class='ocrx_word' id='word_1_295' title='bbox 1476 4079 1658 4152; x_wconf 87' lang='lat' dir='ltr'>oblatione</span> <span class='ocrx_word' id='word_1_296' title='bbox 1675 4093 1710 4152; x_wconf 91' lang='lat' dir='ltr'>et</span> <span class='ocrx_word' id='word_1_297' title='bbox 1727 4082 1773 4149; x_wconf 91' lang='lat' dir='ltr'>de</span> <span class='ocrx_word' id='word_1_298' title='bbox 1791 4081 1989 4152; x_wconf 88' lang='lat' dir='ltr'>mutatione</span> <span class='ocrx_word' id='word_1_299' title='bbox 2011 4104 2074 4170; x_wconf 88' lang='lat' dir='ltr'>pa—</span> 
     </span>
     <span class='ocr_line' id='line_1_37' title="bbox 1079 4179 2076 4280; baseline -0.007 -22"><span class='ocrx_word' id='word_1_300' title='bbox 1079 4189 1152 4258; x_wconf 90' lang='lat' dir='ltr'>nis:</span> <span class='ocrx_word' id='word_1_301' title='bbox 1177 4185 1385 4280; x_wconf 88' lang='lat' dir='ltr'>dequibus,</span> <span class='ocrx_word' id='word_1_302' title='bbox 1410 4183 1439 4252; x_wconf 94' lang='lat' dir='ltr'>si</span> <span class='ocrx_word' id='word_1_303' title='bbox 1458 4182 1574 4264; x_wconf 79' lang='lat' dir='ltr'>voles,</span> <span class='ocrx_word' id='word_1_304' title='bbox 1597 4179 1749 4250; x_wconf 89' lang='lat' dir='ltr'>scribam</span> <span class='ocrx_word' id='word_1_305' title='bbox 1766 4181 1810 4250; x_wconf 93' lang='lat' dir='ltr'>ad</span> <span class='ocrx_word' id='word_1_306' title='bbox 1828 4195 1863 4252; x_wconf 88' lang='lat' dir='ltr'>te</span> <span class='ocrx_word' id='word_1_307' title='bbox 1884 4181 2076 4274; x_wconf 80' lang='lat' dir='ltr'>copiosius,</span> 
     </span>
     <span class='ocr_line' id='line_1_38' title="bbox 1079 4279 2071 4376; baseline -0.009 -16"><span class='ocrx_word' id='word_1_308' title='bbox 1079 4313 1160 4360; x_wconf 90' lang='lat' dir='ltr'>rum</span> <span class='ocrx_word' id='word_1_309' title='bbox 1184 4283 1342 4358; x_wconf 89' lang='lat' dir='ltr'>habuero</span> <span class='ocrx_word' id='word_1_310' title='bbox 1364 4295 1499 4356; x_wconf 90' lang='lat' dir='ltr'>certum</span> <span class='ocrx_word' id='word_1_311' title='bbox 1521 4279 1758 4369; x_wconf 87' lang='lat' dir='ltr'>tabellarium.</span> <span class='ocrx_word' id='word_1_312' title='bbox 1809 4279 1910 4353; x_wconf 84' lang='lat' dir='ltr'>Heu!</span> <span class='ocrx_word' id='word_1_313' title='bbox 1936 4297 2071 4376; x_wconf 84' lang='lat' dir='ltr'>quanto</span> 
     </span>
     <span class='ocr_line' id='line_1_39' title="bbox 1078 4373 2073 4472; baseline -0.011 -10"><span class='ocrx_word' id='word_1_314' title='bbox 1078 4391 1201 4462; x_wconf 90' lang='lat' dir='ltr'>dolore</span> <span class='ocrx_word' id='word_1_315' title='bbox 1228 4385 1429 4469; x_wconf 80' lang='lat' dir='ltr'>excrucior,</span> <span class='ocrx_word' id='word_1_316' title='bbox 1460 4407 1540 4454; x_wconf 90' lang='lat' dir='ltr'>curn</span> <span class='ocrx_word' id='word_1_317' title='bbox 1564 4381 1679 4472; x_wconf 82' lang='lat' dir='ltr'>cogito</span> <span class='ocrx_word' id='word_1_318' title='bbox 1703 4373 1903 4452; x_wconf 88' lang='lat' dir='ltr'>horrendos</span> <span class='ocrx_word' id='word_1_319' title='bbox 1930 4385 2073 4468; x_wconf 89' lang='lat' dir='ltr'>abnsos,</span> 
     </span>
    </p>
   </div>
   <div class='ocr_carea' id='block_1_10' title="bbox 16 2591 1039 4432">
    <p class='ocr_par' dir='ltr' id='par_1_12' title="bbox 16 2591 1039 4432">
     <span class='ocr_line' id='line_1_40' title="bbox 46 2591 1039 2710; baseline 0.006 -30"><span class='ocrx_word' id='word_1_320' title='bbox 46 2591 87 2680; x_wconf 78' lang='lat' dir='ltr'>S.</span> <span class='ocrx_word' id='word_1_321' title='bbox 109 2611 153 2688; x_wconf 86' lang='lat' dir='ltr'>D.</span> <span class='ocrx_word' id='word_1_322' title='bbox 202 2607 389 2688; x_wconf 81' lang='lat' dir='ltr'>Fabricio</span> <span class='ocrx_word' id='word_1_323' title='bbox 405 2614 485 2686; x_wconf 87' lang='lat' dir='ltr'>misi</span> <span class='ocrx_word' id='word_1_324' title='bbox 499 2615 684 2707; x_wconf 86' lang='lat' dir='ltr'>epistolam</span> <span class='ocrx_word' id='word_1_325' title='bbox 701 2613 868 2707; x_wconf 80' lang='lat' dir='ltr'>scriptam</span> <span class='ocrx_word' id='word_1_326' title='bbox 885 2615 931 2686; x_wconf 92' lang='lat' dir='ltr'>ad</span> <span class='ocrx_word' id='word_1_327' title='bbox 945 2603 1039 2710; x_wconf 76' lang='lat' dir='ltr'>Cig-</span> 
     </span>
     <span class='ocr_line' id='line_1_41' title="bbox 48 2705 1037 2813; baseline 0.012 -36"><span class='ocrx_word' id='word_1_328' title='bbox 48 2705 150 2784; x_wconf 86' lang='lat' dir='ltr'>teram</span> <span class='ocrx_word' id='word_1_329' title='bbox 164 2708 439 2813; x_wconf 76' lang='grc' dir='ltr'><strong><em>παρηγορικήν.</em></strong></span> <span class='ocrx_word' id='word_1_330' title='bbox 465 2740 549 2786; x_wconf 82' lang='lat' dir='ltr'>vero</span> <span class='ocrx_word' id='word_1_331' title='bbox 570 2715 666 2786; x_wconf 88' lang='lat' dir='ltr'>enim</span> <span class='ocrx_word' id='word_1_332' title='bbox 684 2717 808 2786; x_wconf 92' lang='lat' dir='ltr'>dolore</span> <span class='ocrx_word' id='word_1_333' title='bbox 826 2716 978 2802; x_wconf 83' lang='lat' dir='ltr'>afficior,</span> <span class='ocrx_word' id='word_1_334' title='bbox 1003 2731 1037 2789; x_wconf 89' lang='lat' dir='ltr'>et</span> 
     </span>
     <span class='ocr_line' id='line_1_42' title="bbox 43 2813 1037 2910; baseline 0.005 -27"><span class='ocrx_word' id='word_1_335' title='bbox 43 2831 177 2908; x_wconf 87' lang='lat' dir='ltr'>propter</span> <span class='ocrx_word' id='word_1_336' title='bbox 200 2817 317 2910; x_wconf 90' lang='lat' dir='ltr'>ipsius</span> <span class='ocrx_word' id='word_1_337' title='bbox 342 2818 525 2902; x_wconf 89' lang='lat' dir='ltr'>morbum,</span> <span class='ocrx_word' id='word_1_338' title='bbox 563 2831 599 2888; x_wconf 89' lang='lat' dir='ltr'>et</span> <span class='ocrx_word' id='word_1_339' title='bbox 625 2815 708 2910; x_wconf 85' lang='lat' dir='ltr'>quia</span> <span class='ocrx_word' id='word_1_340' title='bbox 730 2813 822 2886; x_wconf 87' lang='lat' dir='ltr'>mihi</span> <span class='ocrx_word' id='word_1_341' title='bbox 844 2831 1037 2888; x_wconf 84' lang='lat' dir='ltr'>renovatur</span> 
     </span>
     <span class='ocr_line' id='line_1_43' title="bbox 42 2907 1035 3012; baseline 0.003 -26"><span class='ocrx_word' id='word_1_342' title='bbox 42 2920 155 2988; x_wconf 84' lang='lat' dir='ltr'>acerba</span> <span class='ocrx_word' id='word_1_343' title='bbox 174 2917 379 2990; x_wconf 89' lang='lat' dir='ltr'>recordatio</span> <span class='ocrx_word' id='word_1_344' title='bbox 401 2919 526 2988; x_wconf 89' lang='lat' dir='ltr'>mortis</span> <span class='ocrx_word' id='word_1_345' title='bbox 542 2907 752 3011; x_wconf 86' lang='lat' dir='ltr'>Crucigeri,</span> <span class='ocrx_word' id='word_1_346' title='bbox 778 2917 894 3012; x_wconf 92' lang='lat' dir='ltr'>quiin</span> <span class='ocrx_word' id='word_1_347' title='bbox 909 2921 1035 2989; x_wconf 90' lang='lat' dir='ltr'>eodem</span> 
     </span>
     <span class='ocr_line' id='line_1_44' title="bbox 40 3017 1034 3112; baseline 0.004 -26"><span class='ocrx_word' id='word_1_348' title='bbox 40 3021 165 3110; x_wconf 89' lang='lat' dir='ltr'>oppido</span> <span class='ocrx_word' id='word_1_349' title='bbox 200 3021 336 3090; x_wconf 91' lang='lat' dir='ltr'>morbo</span> <span class='ocrx_word' id='word_1_350' title='bbox 368 3043 555 3112; x_wconf 87' lang='lat' dir='ltr'>oppressus</span> <span class='ocrx_word' id='word_1_351' title='bbox 589 3033 651 3094; x_wconf 91' lang='lat' dir='ltr'>est.</span> <span class='ocrx_word' id='word_1_352' title='bbox 710 3017 829 3089; x_wconf 88' lang='lat' dir='ltr'>Multa</span> <span class='ocrx_word' id='word_1_353' title='bbox 861 3019 957 3088; x_wconf 91' lang='lat' dir='ltr'>enim</span> <span class='ocrx_word' id='word_1_354' title='bbox 990 3021 1034 3090; x_wconf 91' lang='lat' dir='ltr'>de</span> 
     </span>
     <span class='ocr_line' id='line_1_45' title="bbox 38 3119 1034 3208; baseline 0.004 -20"><span class='ocrx_word' id='word_1_355' title='bbox 38 3121 182 3193; x_wconf 85' lang='lat' dir='ltr'>orbitate</span> <span class='ocrx_word' id='word_1_356' title='bbox 198 3119 399 3208; x_wconf 79' lang='lat' dir='ltr'>Ecclesiae,</span> <span class='ocrx_word' id='word_1_357' title='bbox 414 3135 448 3190; x_wconf 89' lang='lat' dir='ltr'>et</span> <span class='ocrx_word' id='word_1_358' title='bbox 463 3123 508 3192; x_wconf 92' lang='lat' dir='ltr'>de</span> <span class='ocrx_word' id='word_1_359' title='bbox 523 3121 623 3192; x_wconf 85' lang='lat' dir='ltr'>rabie</span> <span class='ocrx_word' id='word_1_360' title='bbox 638 3119 863 3190; x_wconf 89' lang='lat' dir='ltr'>indoctorum</span> <span class='ocrx_word' id='word_1_361' title='bbox 879 3119 918 3190; x_wconf 89' lang='lat' dir='ltr'>in</span> <span class='ocrx_word' id='word_1_362' title='bbox 935 3133 1034 3192; x_wconf 88' lang='lat' dir='ltr'>utra-</span> 
     </span>
     <span class='ocr_line' id='line_1_46' title="bbox 34 3217 1034 3316; baseline 0.004 -26"><span class='ocrx_word' id='word_1_363' title='bbox 34 3245 97 3314; x_wconf 82' lang='lat' dir='ltr'>que</span> <span class='ocrx_word' id='word_1_364' title='bbox 111 3237 215 3316; x_wconf 89' lang='lat' dir='ltr'>parte</span> <span class='ocrx_word' id='word_1_365' title='bbox 237 3225 375 3313; x_wconf 89' lang='lat' dir='ltr'>cogito,</span> <span class='ocrx_word' id='word_1_366' title='bbox 400 3247 439 3292; x_wconf 88' lang='lat' dir='ltr'>ac</span> <span class='ocrx_word' id='word_1_367' title='bbox 459 3222 528 3292; x_wconf 90' lang='lat' dir='ltr'>nisi</span> <span class='ocrx_word' id='word_1_368' title='bbox 546 3247 603 3294; x_wconf 90' lang='lat' dir='ltr'>me</span> <span class='ocrx_word' id='word_1_369' title='bbox 625 3221 792 3292; x_wconf 88' lang='lat' dir='ltr'>retineret</span> <span class='ocrx_word' id='word_1_370' title='bbox 811 3217 896 3292; x_wconf 90' lang='lat' dir='ltr'>haec</span> <span class='ocrx_word' id='word_1_371' title='bbox 912 3245 1034 3316; x_wconf 82' lang='lat' dir='ltr'>napos-</span> 
     </span>
     <span class='ocr_line' id='line_1_47' title="bbox 32 3313 1034 3420; baseline 0 -26"><span class='ocrx_word' id='word_1_372' title='bbox 32 3321 139 3420; x_wconf 76' lang='grc' dir='ltr'><em>σκευὴ</em></span> <span class='ocrx_word' id='word_1_373' title='bbox 169 3324 400 3418; x_wconf 89' lang='lat' dir='ltr'>nuptiarum,</span> <span class='ocrx_word' id='word_1_374' title='bbox 433 3337 547 3394; x_wconf 88' lang='lat' dir='ltr'>tecum</span> <span class='ocrx_word' id='word_1_375' title='bbox 578 3313 812 3416; x_wconf 85' lang='lat' dir='ltr'>aCs&#39;gterum</span> <span class='ocrx_word' id='word_1_376' title='bbox 836 3323 1034 3416; x_wconf 86' lang='lat' dir='ltr'>proficisce-</span> 
     </span>
     <span class='ocr_line' id='line_1_48' title="bbox 30 3425 1032 3512; baseline 0.002 -20"><span class='ocrx_word' id='word_1_377' title='bbox 30 3447 99 3494; x_wconf 89' lang='lat' dir='ltr'>rer:</span> <span class='ocrx_word' id='word_1_378' title='bbox 124 3425 278 3498; x_wconf 87' lang='lat' dir='ltr'>decrevi</span> <span class='ocrx_word' id='word_1_379' title='bbox 302 3439 419 3496; x_wconf 91' lang='lat' dir='ltr'>autem</span> <span class='ocrx_word' id='word_1_380' title='bbox 441 3449 524 3494; x_wconf 79' lang='lat' dir='ltr'>mox</span> <span class='ocrx_word' id='word_1_381' title='bbox 547 3425 696 3496; x_wconf 89' lang='lat' dir='ltr'>adeum</span> <span class='ocrx_word' id='word_1_382' title='bbox 722 3447 926 3512; x_wconf 81' lang='lat' dir='ltr'>excurrere,</span> <span class='ocrx_word' id='word_1_383' title='bbox 951 3447 1032 3496; x_wconf 85' lang='lat' dir='ltr'>cum</span> 
     </span>
     <span class='ocr_line' id='line_1_49' title="bbox 27 3518 1032 3622; baseline 0.002 -28"><span class='ocrx_word' id='word_1_384' title='bbox 27 3518 79 3596; x_wconf 92' lang='lat' dir='ltr'>bis</span> <span class='ocrx_word' id='word_1_385' title='bbox 106 3525 412 3622; x_wconf 87' lang='lat' dir='ltr'>occupationibus</span> <span class='ocrx_word' id='word_1_386' title='bbox 438 3525 608 3596; x_wconf 88' lang='lat' dir='ltr'>liberatus</span> <span class='ocrx_word' id='word_1_387' title='bbox 640 3525 755 3600; x_wconf 87' lang='lat' dir='ltr'>tuero.</span> <span class='ocrx_word' id='word_1_388' title='bbox 806 3523 860 3596; x_wconf 88' lang='lat' dir='ltr'>Te</span> <span class='ocrx_word' id='word_1_389' title='bbox 889 3549 1032 3622; x_wconf 85' lang='lat' dir='ltr'>qnoque</span> 
     </span>
     <span class='ocr_line' id='line_1_50' title="bbox 26 3620 1031 3721; baseline 0.004 -27"><span class='ocrx_word' id='word_1_390' title='bbox 26 3627 94 3698; x_wconf 88' lang='lat' dir='ltr'>iam</span> <span class='ocrx_word' id='word_1_391' title='bbox 112 3631 160 3700; x_wconf 86' lang='lat' dir='ltr'>ad</span> <span class='ocrx_word' id='word_1_392' title='bbox 185 3652 276 3702; x_wconf 90' lang='lat' dir='ltr'>eum</span> <span class='ocrx_word' id='word_1_393' title='bbox 293 3629 489 3721; x_wconf 85' lang='lat' dir='ltr'>protectum</span> <span class='ocrx_word' id='word_1_394' title='bbox 507 3651 599 3714; x_wconf 87' lang='lat' dir='ltr'>esse,</span> <span class='ocrx_word' id='word_1_395' title='bbox 623 3651 704 3698; x_wconf 89' lang='lat' dir='ltr'>cum</span> <span class='ocrx_word' id='word_1_396' title='bbox 722 3620 808 3700; x_wconf 89' lang='lat' dir='ltr'>haec</span> <span class='ocrx_word' id='word_1_397' title='bbox 827 3627 1031 3712; x_wconf 88' lang='lat' dir='ltr'>scriberem,</span> 
     </span>
     <span class='ocr_line' id='line_1_51' title="bbox 21 3727 1030 3822; baseline -0.003 -22"><span class='ocrx_word' id='word_1_398' title='bbox 21 3731 252 3820; x_wconf 85' lang='lat' dir='ltr'>cogitabam,</span> <span class='ocrx_word' id='word_1_399' title='bbox 284 3731 343 3800; x_wconf 90' lang='lat' dir='ltr'>sed</span> <span class='ocrx_word' id='word_1_400' title='bbox 372 3729 401 3800; x_wconf 87' lang='lat' dir='ltr'>si</span> <span class='ocrx_word' id='word_1_401' title='bbox 422 3729 489 3800; x_wconf 84' lang='lat' dir='ltr'>alia</span> <span class='ocrx_word' id='word_1_402' title='bbox 511 3729 639 3799; x_wconf 88' lang='lat' dir='ltr'>itinera</span> <span class='ocrx_word' id='word_1_403' title='bbox 663 3741 697 3799; x_wconf 90' lang='lat' dir='ltr'>tc</span> <span class='ocrx_word' id='word_1_404' title='bbox 718 3751 791 3798; x_wconf 91' lang='lat' dir='ltr'>non</span> <span class='ocrx_word' id='word_1_405' title='bbox 818 3727 1030 3822; x_wconf 90' lang='lat' dir='ltr'>impediunt,</span> 
     </span>
     <span class='ocr_line' id='line_1_52' title="bbox 21 3823 1030 3924; baseline 0.001 -24"><span class='ocrx_word' id='word_1_406' title='bbox 21 3854 83 3902; x_wconf 91' lang='lat' dir='ltr'>oro</span> <span class='ocrx_word' id='word_1_407' title='bbox 99 3845 138 3904; x_wconf 91' lang='lat' dir='ltr'>et</span> <span class='ocrx_word' id='word_1_408' title='bbox 153 3829 286 3924; x_wconf 89' lang='lat' dir='ltr'>generi</span> <span class='ocrx_word' id='word_1_409' title='bbox 303 3847 337 3902; x_wconf 89' lang='lat' dir='ltr'>et</span> <span class='ocrx_word' id='word_1_410' title='bbox 352 3855 429 3902; x_wconf 89' lang='lat' dir='ltr'>meo</span> <span class='ocrx_word' id='word_1_411' title='bbox 448 3830 609 3914; x_wconf 89' lang='lat' dir='ltr'>nomine,</span> <span class='ocrx_word' id='word_1_412' title='bbox 624 3841 664 3900; x_wconf 91' lang='lat' dir='ltr'>ut</span> <span class='ocrx_word' id='word_1_413' title='bbox 679 3830 836 3900; x_wconf 88' lang='lat' dir='ltr'>calendis</span> <span class='ocrx_word' id='word_1_414' title='bbox 849 3827 944 3900; x_wconf 92' lang='lat' dir='ltr'>lonii</span> <span class='ocrx_word' id='word_1_415' title='bbox 960 3823 1030 3901; x_wconf 91' lang='lat' dir='ltr'>huc</span> 
     </span>
     <span class='ocr_line' id='line_1_53' title="bbox 18 3927 1029 4024; baseline 0.001 -26"><span class='ocrx_word' id='word_1_416' title='bbox 18 3933 156 4010; x_wconf 78' lang='lat' dir='ltr'>venias.</span> <span class='ocrx_word' id='word_1_417' title='bbox 213 3931 353 4024; x_wconf 87' lang='lat' dir='ltr'>Scripsi</span> <span class='ocrx_word' id='word_1_418' title='bbox 373 3933 418 4004; x_wconf 88' lang='lat' dir='ltr'>ad</span> <span class='ocrx_word' id='word_1_419' title='bbox 446 3927 733 4024; x_wconf 81' lang='lat' dir='ltr'>Strambnrgnm</span> <span class='ocrx_word' id='word_1_420' title='bbox 754 3931 883 4002; x_wconf 88' lang='lat' dir='ltr'>eteius</span> <span class='ocrx_word' id='word_1_421' title='bbox 903 3931 1029 4002; x_wconf 90' lang='lat' dir='ltr'>conio-</span> 
     </span>
     <span class='ocr_line' id='line_1_54' title="bbox 17 4023 1030 4126; baseline 0 -24"><span class='ocrx_word' id='word_1_422' title='bbox 17 4053 114 4122; x_wconf 84' lang='lat' dir='ltr'>gem,</span> <span class='ocrx_word' id='word_1_423' title='bbox 141 4037 239 4108; x_wconf 86' lang='lat' dir='ltr'>item</span> <span class='ocrx_word' id='word_1_424' title='bbox 257 4033 301 4104; x_wconf 89' lang='lat' dir='ltr'>ad</span> <span class='ocrx_word' id='word_1_425' title='bbox 317 4028 529 4104; x_wconf 75' lang='lat' dir='ltr'>Memerum</span> <span class='ocrx_word' id='word_1_426' title='bbox 544 4047 579 4106; x_wconf 92' lang='lat' dir='ltr'>et</span> <span class='ocrx_word' id='word_1_427' title='bbox 594 4033 638 4104; x_wconf 91' lang='lat' dir='ltr'>ad</span> <span class='ocrx_word' id='word_1_428' title='bbox 655 4023 868 4104; x_wconf 80' lang='lat' dir='ltr'>Rhetieum.</span> <span class='ocrx_word' id='word_1_429' title='bbox 892 4045 1030 4126; x_wconf 90' lang='lat' dir='ltr'>praeter</span> 
     </span>
     <span class='ocr_line' id='line_1_55' title="bbox 16 4127 1028 4208; baseline 0.002 -6"><span class='ocrx_word' id='word_1_430' title='bbox 16 4127 79 4206; x_wconf 90' lang='lat' dir='ltr'>hos</span> <span class='ocrx_word' id='word_1_431' title='bbox 103 4137 303 4208; x_wconf 87' lang='lat' dir='ltr'>neminem</span> <span class='ocrx_word' id='word_1_432' title='bbox 329 4135 425 4206; x_wconf 85' lang='lat' dir='ltr'>volni</span> <span class='ocrx_word' id='word_1_433' title='bbox 449 4149 568 4206; x_wconf 90' lang='lat' dir='ltr'>sumtu</span> <span class='ocrx_word' id='word_1_434' title='bbox 589 4149 625 4206; x_wconf 91' lang='lat' dir='ltr'>et</span> <span class='ocrx_word' id='word_1_435' title='bbox 642 4133 763 4204; x_wconf 83' lang='lat' dir='ltr'>labore</span> <span class='ocrx_word' id='word_1_436' title='bbox 786 4133 925 4204; x_wconf 88' lang='lat' dir='ltr'>itineris</span> <span class='ocrx_word' id='word_1_437' title='bbox 940 4157 1028 4204; x_wconf 90' lang='lat' dir='ltr'>one-</span> 
     </span>
     <span class='ocr_line' id='line_1_56' title="bbox 16 4229 1027 4330; baseline 0.002 -28"><span class='ocrx_word' id='word_1_438' title='bbox 16 4259 112 4322; x_wconf 88' lang='lat' dir='ltr'>rare,</span> <span class='ocrx_word' id='word_1_439' title='bbox 139 4235 314 4310; x_wconf 75' lang='lat' dir='ltr'>fortassis</span> <span class='ocrx_word' id='word_1_440' title='bbox 327 4249 444 4308; x_wconf 87' lang='lat' dir='ltr'>autern</span> <span class='ocrx_word' id='word_1_441' title='bbox 461 4235 672 4306; x_wconf 77' lang='lat' dir='ltr'>familiarior</span> <span class='ocrx_word' id='word_1_442' title='bbox 688 4229 1027 4330; x_wconf 85' lang='lat' dir='ltr'>estStratnburgae,</span> 
     </span>
     <span class='ocr_line' id='line_1_57' title="bbox 16 4335 1023 4432; baseline 0.001 -28"><span class='ocrx_word' id='word_1_443' title='bbox 16 4339 179 4410; x_wconf 85' lang='lat' dir='ltr'>:oniunx</span> <span class='ocrx_word' id='word_1_444' title='bbox 197 4335 361 4408; x_wconf 85' lang='lat' dir='ltr'>Pastoris</span> <span class='ocrx_word' id='word_1_445' title='bbox 376 4337 499 4409; x_wconf 85' lang='lat' dir='ltr'>vestri:</span> <span class='ocrx_word' id='word_1_446' title='bbox 526 4335 767 4408; x_wconf 86' lang='lat' dir='ltr'>considerabis</span> <span class='ocrx_word' id='word_1_447' title='bbox 782 4335 909 4428; x_wconf 86' lang='lat' dir='ltr'>igitur,</span> <span class='ocrx_word' id='word_1_448' title='bbox 936 4337 1023 4432; x_wconf 89' lang='lat' dir='ltr'>quid</span> 
     </span>
    </p>
   </div>
   <div class='ocr_carea' id='block_1_11' title="bbox 1207 4481 2071 4564">
    <p class='ocr_par' dir='ltr' id='par_1_13' title="bbox 16 4437 2071 4630">
     <span class='ocr_line' id='line_1_58' title="bbox 1207 4481 2071 4564; baseline 0.007 51.693"><span class='ocrx_word' id='word_1_449' title='bbox 1207 4489 1398 4564; x_wconf 83' lang='grc' dir='ltr'>ΕΜ</span> <span class='ocrx_word' id='word_1_450' title='bbox 1416 4493 1693 4575; x_wconf 77' lang='grc' dir='ltr'>ΜΜ</span> <span class='ocrx_word' id='word_1_451' title='bbox 2000 4481 2071 4555; x_wconf 61' lang='lat' dir='ltr'>s..</span> 
     </span>
    </p>
   </div>
   <div class='ocr_carea' id='block_1_12' title="bbox 16 4579 2072 4782">
    <p class='ocr_par' dir='ltr' id='par_1_14' title="bbox 16 4579 2072 4782">
     <span class='ocr_line' id='line_1_59' title="bbox 777 4579 2072 4668; baseline -0.001 -9"><span class='ocrx_word' id='word_1_452' title='bbox 777 4639 787 4659; x_wconf 95' lang='lat'>.</span> <span class='ocrx_word' id='word_1_453' title='bbox 841 4641 851 4658; x_wconf 94' lang='lat'>.</span> <span class='ocrx_word' id='word_1_454' title='bbox 906 4640 917 4658; x_wconf 93' lang='lat'>.</span> <span class='ocrx_word' id='word_1_455' title='bbox 1077 4615 1217 4664; x_wconf 90' lang='lat' dir='ltr'>oremus</span> <span class='ocrx_word' id='word_1_456' title='bbox 1251 4591 1363 4660; x_wconf 78' lang='lat' dir='ltr'>lilium</span> <span class='ocrx_word' id='word_1_457' title='bbox 1397 4579 1484 4668; x_wconf 85' lang='lat' dir='ltr'>Dei,</span> <span class='ocrx_word' id='word_1_458' title='bbox 1512 4593 1554 4654; x_wconf 88' lang='lat' dir='ltr'>ot</span> <span class='ocrx_word' id='word_1_459' title='bbox 1584 4595 1685 4656; x_wconf 72' lang='lat' dir='ltr'>mnct</span> <span class='ocrx_word' id='word_1_460' title='bbox 1709 4581 1856 4654; x_wconf 86' lang='lat' dir='ltr'>vulnera</span> <span class='ocrx_word' id='word_1_461' title='bbox 1881 4581 2072 4658; x_wconf 85' lang='lat' dir='ltr'>Ecclesiae.</span> 
     </span>
     <span class='ocr_line' id='line_1_60' title="bbox 16 4635 2067 4782; baseline -0.006 -16"><span class='ocrx_word' id='word_1_462' title='bbox 16 4643 120 4714; x_wconf 53' lang='grc' dir='ltr'>’Μ</span> <span class='ocrx_word' id='word_1_463' title='bbox 137 4663 292 4712; x_wconf 54' lang='lat' dir='ltr'>mm</span> <span class='ocrx_word' id='word_1_464' title='bbox 308 4655 342 4712; x_wconf 56' lang='lat' dir='ltr'>et</span> <span class='ocrx_word' id='word_1_465' title='bbox 357 4641 513 4734; x_wconf 57' lang='lat' dir='ltr'>uemph</span> <span class='ocrx_word' id='word_1_466' title='bbox 529 4635 697 4712; x_wconf 53' lang='lat' dir='ltr'>&#39;mmm</span> <span class='ocrx_word' id='word_1_467' title='bbox 714 4653 946 4736; x_wconf 50' lang='lat' dir='ltr'>&#39;mmmmm&#39;</span> <span class='ocrx_word' id='word_1_468' title='bbox 963 4641 1023 4762; x_wconf 57' lang='lat' dir='ltr'>”il</span> <span class='ocrx_word' id='word_1_469' title='bbox 1075 4691 1174 4766; x_wconf 89' lang='lat' dir='ltr'>Bene</span> <span class='ocrx_word' id='word_1_470' title='bbox 1188 4691 1284 4772; x_wconf 86' lang='lat' dir='ltr'>vale,</span> <span class='ocrx_word' id='word_1_471' title='bbox 1302 4702 1336 4758; x_wconf 92' lang='lat' dir='ltr'>et</span> <span class='ocrx_word' id='word_1_472' title='bbox 1350 4685 1491 4758; x_wconf 86' lang='lat' dir='ltr'>scribite</span> <span class='ocrx_word' id='word_1_473' title='bbox 1505 4683 1551 4757; x_wconf 87' lang='lat' dir='ltr'>ad</span> <span class='ocrx_word' id='word_1_474' title='bbox 1567 4683 1852 4782; x_wconf 83' lang='lat' dir='ltr'>mesaepissisne.</span> <span class='ocrx_word' id='word_1_475' title='bbox 1888 4681 1956 4756; x_wconf 84' lang='lat' dir='ltr'>Die</span> <span class='ocrx_word' id='word_1_476' title='bbox 1973 4681 2067 4758; x_wconf 88' lang='lat' dir='ltr'>Pen-</span> 
     </span>
    </p>
   </div>
   <div class='ocr_carea' id='block_1_13' title="bbox 16 4741 1406 4936">
    <p class='ocr_par' dir='ltr' id='par_1_15' title="bbox 16 4741 1406 4936">
     <span class='ocr_line' id='line_1_61' title="bbox 16 4741 1025 4837; baseline -0.008 -25"><span class='ocrx_word' id='word_1_477' title='bbox 16 4767 132 4814; x_wconf 89' lang='lat' dir='ltr'>amcn</span> <span class='ocrx_word' id='word_1_478' title='bbox 152 4743 319 4817; x_wconf 87' lang='lat' dir='ltr'>aliorum</span> <span class='ocrx_word' id='word_1_479' title='bbox 337 4765 481 4833; x_wconf 85' lang='lat' dir='ltr'>magnas</span> <span class='ocrx_word' id='word_1_480' title='bbox 494 4755 528 4814; x_wconf 87' lang='lat' dir='ltr'>et</span> <span class='ocrx_word' id='word_1_481' title='bbox 543 4745 768 4837; x_wconf 86' lang='lat' dir='ltr'>panegyricas</span> <span class='ocrx_word' id='word_1_482' title='bbox 782 4765 929 4836; x_wconf 88' lang='lat' dir='ltr'>pompas</span> <span class='ocrx_word' id='word_1_483' title='bbox 941 4741 1025 4812; x_wconf 79' lang='lat' dir='ltr'>irm-</span> 
     </span>
     <span class='ocr_line' id='line_1_62' title="bbox 16 4780 1406 4936; baseline -0.041 -22"><span class='ocrx_word' id='word_1_484' title='bbox 16 4847 70 4914; x_wconf 86' lang='lat' dir='ltr'>ari</span> <span class='ocrx_word' id='word_1_485' title='bbox 91 4869 170 4916; x_wconf 89' lang='lat' dir='ltr'>nec</span> <span class='ocrx_word' id='word_1_486' title='bbox 192 4867 359 4936; x_wconf 70' lang='lat' dir='ltr'>possunt,</span> <span class='ocrx_word' id='word_1_487' title='bbox 387 4867 449 4912; x_wconf 87' lang='lat' dir='ltr'>nec</span> <span class='ocrx_word' id='word_1_488' title='bbox 465 4843 589 4928; x_wconf 82' lang='lat' dir='ltr'>velim,</span> <span class='ocrx_word' id='word_1_489' title='bbox 614 4845 643 4912; x_wconf 85' lang='lat' dir='ltr'>ai</span> <span class='ocrx_word' id='word_1_490' title='bbox 662 4867 809 4936; x_wconf 60' lang='lat' dir='ltr'>possem,</span> <span class='ocrx_word' id='word_1_491' title='bbox 861 4837 939 4914; x_wconf 68' lang='lat' dir='ltr'>om</span> <span class='ocrx_word' id='word_1_492' title='bbox 957 4869 1023 4914; x_wconf 54' lang='lat' dir='ltr'>gu,</span> <span class='ocrx_word' id='word_1_493' title='bbox 1076 4806 1276 4870; x_wconf 86' lang='lat' dir='ltr'>tecostean.</span> <span class='ocrx_word' id='word_1_494' title='bbox 1297 4780 1406 4864; x_wconf 73' lang='lat'>1650.</span> 
     </span>
    </p>
   </div>
   <div class='ocr_carea' id='block_1_14' title="bbox 16 4939 2017 5544">
    <p class='ocr_par' dir='ltr' id='par_1_16' title="bbox 16 4939 2017 5544">
     <span class='ocr_line' id='line_1_63' title="bbox 16 4939 2017 5066; baseline 0.014 -52"><span class='ocrx_word' id='word_1_495' title='bbox 16 4969 69 5014; x_wconf 81' lang='lat' dir='ltr'>ern</span> <span class='ocrx_word' id='word_1_496' title='bbox 87 4947 229 5016; x_wconf 77' lang='lat' dir='ltr'>filicem</span> <span class='ocrx_word' id='word_1_497' title='bbox 237 4941 304 5014; x_wconf 88' lang='lat' dir='ltr'>Dei</span> <span class='ocrx_word' id='word_1_498' title='bbox 319 4941 514 5016; x_wconf 85' lang='lat' dir='ltr'>Dominum</span> <span class='ocrx_word' id='word_1_499' title='bbox 529 4955 689 5014; x_wconf 86' lang='lat' dir='ltr'>nostrum</span> <span class='ocrx_word' id='word_1_500' title='bbox 706 4943 819 5015; x_wconf 87' lang='lat' dir='ltr'>lesum</span> <span class='ocrx_word' id='word_1_501' title='bbox 827 4939 1023 5030; x_wconf 86' lang='lat' dir='ltr'>Christum,</span> <span class='ocrx_word' id='word_1_502' title='bbox 1540 4961 1731 5066; x_wconf 78' lang='lat' dir='ltr'>Philippus</span> <span class='ocrx_word' id='word_1_503' title='bbox 1743 4963 2017 5051; x_wconf 80' lang='lat' dir='ltr'>Melanchthon.</span> 
     </span>
     <span class='ocr_line' id='line_1_64' title="bbox 16 5041 1023 5131; baseline 0 -15"><span class='ocrx_word' id='word_1_504' title='bbox 16 5059 31 5116; x_wconf 94' lang='lat' dir='ltr'>t</span> <span class='ocrx_word' id='word_1_505' title='bbox 48 5041 280 5118; x_wconf 85' lang='lat' dir='ltr'>Ecclesiam</span> <span class='ocrx_word' id='word_1_506' title='bbox 294 5058 329 5117; x_wconf 89' lang='lat' dir='ltr'>et</span> <span class='ocrx_word' id='word_1_507' title='bbox 346 5041 510 5116; x_wconf 88' lang='lat' dir='ltr'>Politiam</span> <span class='ocrx_word' id='word_1_508' title='bbox 525 5057 640 5114; x_wconf 89' lang='lat' dir='ltr'>servet</span> <span class='ocrx_word' id='word_1_509' title='bbox 655 5045 786 5117; x_wconf 89' lang='lat' dir='ltr'>nostris</span> <span class='ocrx_word' id='word_1_510' title='bbox 800 5045 964 5131; x_wconf 79' lang='lat' dir='ltr'>familiis,</span> <span class='ocrx_word' id='word_1_511' title='bbox 987 5059 1023 5116; x_wconf 92' lang='lat' dir='ltr'>et</span> 
     </span>
     <span class='ocr_line' id='line_1_65' title="bbox 16 5141 1301 5238; baseline -0.002 -22"><span class='ocrx_word' id='word_1_512' title='bbox 16 5171 63 5216; x_wconf 91' lang='lat' dir='ltr'>os</span> <span class='ocrx_word' id='word_1_513' title='bbox 96 5159 139 5218; x_wconf 88' lang='lat' dir='ltr'>et</span> <span class='ocrx_word' id='word_1_514' title='bbox 170 5159 319 5216; x_wconf 88' lang='lat' dir='ltr'>nostros</span> <span class='ocrx_word' id='word_1_515' title='bbox 342 5147 525 5238; x_wconf 83' lang='lat' dir='ltr'>gubernet.</span> <span class='ocrx_word' id='word_1_516' title='bbox 582 5141 680 5214; x_wconf 89' lang='lat' dir='ltr'>Bene</span> <span class='ocrx_word' id='word_1_517' title='bbox 701 5157 737 5216; x_wconf 89' lang='lat' dir='ltr'>et</span> <span class='ocrx_word' id='word_1_518' title='bbox 757 5145 907 5218; x_wconf 81' lang='lat' dir='ltr'>feliciter</span> <span class='ocrx_word' id='word_1_519' title='bbox 932 5145 1020 5218; x_wconf 80' lang='lat' dir='ltr'>vale.</span> <span class='ocrx_word' id='word_1_520' title='bbox 1085 5165 1301 5186; x_wconf 83' lang='grc'><em>-·-··-····</em></span> 
     </span>
     <span class='ocr_line' id='line_1_66' title="bbox 16 5243 1489 5356; baseline -0.002 -38"><span class='ocrx_word' id='word_1_521' title='bbox 16 5245 155 5318; x_wconf 67' lang='lat' dir='ltr'>iciavo</span> <span class='ocrx_word' id='word_1_522' title='bbox 176 5243 260 5320; x_wconf 72' lang='lat' dir='ltr'>Cli.</span> <span class='ocrx_word' id='word_1_523' title='bbox 281 5244 385 5318; x_wconf 74' lang='lat' dir='ltr'>lunii.</span> <span class='ocrx_word' id='word_1_524' title='bbox 1105 5281 1138 5356; x_wconf 60' lang='grc' dir='ltr'>η)</span> <span class='ocrx_word' id='word_1_525' title='bbox 1155 5281 1221 5340; x_wconf 55' lang='lat' dir='ltr'>vig·</span> <span class='ocrx_word' id='word_1_526' title='bbox 1235 5281 1263 5338; x_wconf 48' lang='lat' dir='ltr'>p·</span> <span class='ocrx_word' id='word_1_527' title='bbox 1277 5279 1324 5338; x_wconf 55' lang='grc' dir='ltr'>ῃ.</span> <span class='ocrx_word' id='word_1_528' title='bbox 1337 5274 1404 5336; x_wconf 58' lang='lat' dir='ltr'><strong><em>w</em></strong></span> <span class='ocrx_word' id='word_1_529' title='bbox 1418 5273 1449 5332; x_wconf 59' lang='lat' dir='ltr'>h,</span> <span class='ocrx_word' id='word_1_530' title='bbox 1460 5291 1489 5334; x_wconf 59' lang='lat' dir='ltr'>g,</span> 
     </span>
     <span class='ocr_line' id='line_1_67' title="bbox 104 5341 1020 5440; baseline -0.002 -22"><span class='ocrx_word' id='word_1_531' title='bbox 104 5345 257 5418; x_wconf 84' lang='lat' dir='ltr'>Pastor</span> <span class='ocrx_word' id='word_1_532' title='bbox 274 5361 407 5420; x_wconf 85' lang='lat' dir='ltr'>vestrae</span> <span class='ocrx_word' id='word_1_533' title='bbox 427 5345 602 5420; x_wconf 80' lang='lat' dir='ltr'>Ecclesiae</span> <span class='ocrx_word' id='word_1_534' title='bbox 617 5357 702 5418; x_wconf 88' lang='lat' dir='ltr'>tune</span> <span class='ocrx_word' id='word_1_535' title='bbox 720 5343 758 5414; x_wconf 92' lang='lat' dir='ltr'>in</span> <span class='ocrx_word' id='word_1_536' title='bbox 774 5341 921 5440; x_wconf 86' lang='lat' dir='ltr'>Synodo</span> <span class='ocrx_word' id='word_1_537' title='bbox 941 5345 1020 5428; x_wconf 89' lang='lat' dir='ltr'>erit,</span> 
     </span>
     <span class='ocr_line' id='line_1_68' title="bbox 16 5447 1019 5544; baseline 0.004 -28"><span class='ocrx_word' id='word_1_538' title='bbox 16 5473 75 5516; x_wconf 80' lang='lat' dir='ltr'>ren</span> <span class='ocrx_word' id='word_1_539' title='bbox 99 5471 188 5516; x_wconf 87' lang='lat' dir='ltr'>nos</span> <span class='ocrx_word' id='word_1_540' title='bbox 210 5471 344 5520; x_wconf 84' lang='lat' dir='ltr'>sacrorn</span> <span class='ocrx_word' id='word_1_541' title='bbox 362 5452 519 5544; x_wconf 87' lang='lat' dir='ltr'>nuptiale</span> <span class='ocrx_word' id='word_1_542' title='bbox 533 5449 718 5536; x_wconf 81' lang='lat' dir='ltr'>iaciemus,</span> <span class='ocrx_word' id='word_1_543' title='bbox 742 5470 808 5520; x_wconf 86' lang='lat' dir='ltr'>nec</span> <span class='ocrx_word' id='word_1_544' title='bbox 828 5447 910 5518; x_wconf 84' lang='lat' dir='ltr'>volo</span> <span class='ocrx_word' id='word_1_545' title='bbox 938 5471 1019 5520; x_wconf 87' lang='lat' dir='ltr'>eunt</span> 
     </span>
    </p>
   </div>
   <div class='ocr_carea' id='block_1_15' title="bbox 0 0 2298 6224">
    <p class='ocr_par' dir='ltr' id='par_1_17' title="bbox 0 0 2298 6224">
     <span class='ocr_line' id='line_1_69' title="bbox 0 0 2298 6224; baseline 0 10"><span class='ocrx_word' id='word_1_546' title='bbox 0 0 2298 6224; x_wconf 95' lang='lat' dir='ltr'> </span> 
     </span>
    </p>
   </div>
  </div>
 </body>
</html>
