4730 6202
798 334 1238 426 EPISTOLARUM
1299 331 1405 412 ΗΒ.
1431 331 1514 410 llll.
1568 329 1698 410 teos.
2161 325 2233 398 tttt

181 435 184 446 ,
236 355 335 430 1143

237 529 310 602 illis
330 525 416 618 ipsis
439 515 761 616 propositionibus,
793 474 881 606 quas
904 510 1033 595 edidit,
1065 503 1226 578 hortatus
1280 503 1369 576 Nem
1385 503 1545 574 inaltero
1561 502 1669 576 latere
1684 493 2028 590 lnitvirgadharon,
2044 495 2233 566 inalteroea·

238 655 336 717 sum,
347 640 389 698 ut
401 623 533 697 iudicia
558 619 680 690 audiat
692 614 963 686 brunsvicensis
979 627 1013 682 et
1029 605 1228 680 Partbeno-
1281 607 1444 689 lixtnris,
1462 621 1502 676 ut
1519 605 1787 693 significaretur,
1804 604 1842 672 in
1857 604 1920 672 illa
1929 601 2034 672 unica
2048 609 2237 689 genteversn

238 755 324 827 peae
336 725 524 800 Ecclesiae.
573 718 817 793 Certissirnnm
834 729 904 798 est,
927 715 1083 786 Stoicam
1100 710 1229 784 etMa·
1281 705 1417 778 deDeo
1434 705 1632 776 doctrinam
1647 731 1720 778 esse
1747 709 1901 776 et'veros
1919 703 2048 776 cultus.
2094 696 2163 770 Eoi
2179 721 2238 771 suu

240 827 425 904 nichaeam
457 817 626 924 ἀνάγκην
665 819 957 916 contumeliosam
992 837 1065 885 esse
1105 826 1227 884 contra
1283 809 1439 902 ineptus,
1464 810 1560 902 quod
1579 809 1646 878 tibi
1662 831 1757 878 meos
1773 801 2240 888 versusmitto,misitarnen

240 934 379 1019 Deum,
404 943 437 1000 et
453 926 687 1020 perniciosam
700 921 870 993 moribus.
925 911 1230 988 ldeosimibivel
1284 924 1342 996 ut,
1367 911 1542 1004 siquando
1566 911 1673 996 libet,
1699 911 1823 980 eodem
1844 918 2052 998 armamento
2074 903 2242 974 faciasne-

241 1037 317 1130 ipse
333 1033 390 1104 vel
404 1031 467 1102 alii
482 1027 616 1100 bellurn
640 1023 849 1105 intulerint,
870 1021 927 1112 pie
945 1033 979 1090 et
996 1021 1152 1087 modeste
1175 1041 1232 1085 ro·
1284 1014 1408 1098 liores,
1441 1026 1475 1082 et
1498 1009 1635 1082 Siclum
1666 1013 1827 1090 mittam,
1859 1033 1940 1082 essm
1969 1003 2118 1078 habebo.
2170 1001 2243 1072 liene

242 1136 436 1229 spondebo.
488 1129 596 1200 Mitto
620 1127 688 1198 tibi
713 1124 911 1215 exemplum
933 1125 977 1191 de
992 1117 1231 1190 controversia
1285 1115 1373 1187 vale.
1427 1109 1763 1187 V1.Cal.Decemb.

243 1232 446 1318 Osiundri,
479 1233 575 1326 quod
600 1231 681 1298 volo
704 1241 738 1297 tc
763 1227 935 1314 legerent
963 1245 1165 1306 censorem,
1199 1232 1253 1309 ct.

243 1335 335 1411 mihi
350 1335 522 1410 iudicium
538 1347 638 1402 tunm
654 1319 909 1421 significare*).
949 1321 1029 1395 Oro
1048 1325 1172 1401 etiam,
1194 1334 1234 1390 ut
1270 1360 1273 1368 ·

244 1440 482 1512 illustrissimo
498 1430 665 1502 Electori
674 1485 683 1516 ,
709 1442 742 1501 et
758 1429 834 1498 viro
850 1427 1044 1497 clarissimo
1061 1425 1105 1497 D.
1125 1420 1234 1516 Agri-

247 1539 347 1614 colae
361 1554 395 1612 et
409 1529 619 1609 Bottichero
634 1533 791 1623 exempla
808 1531 869 1600 des
885 1530 970 1622 ipsis
987 1527 1170 1616 inscripta.

345 1673 422 1745 Hac
437 1668 525 1742 bora
541 1669 660 1740 literas
676 1691 716 1734 ex
728 1663 937 1734 Vratislavia
955 1662 1091 1755 accepi,
1107 1661 1144 1730 in
1155 1659 1235 1754 qui-

248 1783 317 1851 bus
341 1775 528 1858 scribitur,
560 1792 681 1839 recens
701 1765 838 1837 Tureos
866 1765 1052 1836 abduxisse
1073 1785 1235 1852 magnam

246 1877 513 1950 multitudinem
532 1868 717 1958 bominum
735 1869 772 1937 in
783 1866 981 1938 Pannonia.
1035 1863 1151 1935 Mater
1164 1865 1235 1932 lor-

247 1984 331 2054 titer
353 1977 528 2072 praelians
550 1973 680 2064 recepit
705 1973 794 2039 duos
817 1971 925 2039 lilios:
963 1983 997 2038 et
1023 1989 1237 2062 quamquam

249 2087 370 2154 dextra
386 2082 418 2150 ei
440 2077 594 2169 praecisa
612 2087 681 2158 est,
707 2087 824 2144 tamen
849 2071 960 2142 evasit
981 2093 1061 2140 cum
1080 2069 1179 2150 liliis,
1207 2079 1239 2134 et

249 2185 357 2256 rediit
373 2183 409 2251 in
422 2179 585 2274 patriam.
636 2175 733 2244 Bene
752 2177 840 2244 vale.
881 2172 947 2242 Die
963 2169 1241 2251 Encaeniorum,

251 2311 339 2379 quae
361 2286 507 2354 luerunt
527 2276 588 2350 25.
613 2275 843 2359 Novembris,
867 2275 929 2368 qui
952 2265 1238 2343 dicebaturKis-

252 2385 327 2472 lere,
351 2387 387 2455 id
406 2395 469 2469 est,
484 2373 678 2450 Orionius.
712 2375 808 2446 Haec
825 2401 907 2446 vera
927 2375 1136 2470 etymologia
1155 2385 1218 2443 est.

267 2839 334 2912 No.
351 2832 464 2908 5274.

258 2935 470 2968 Μ

880 2845 937 2906 26.
953 2833 1032 2897 Nor.
1059 2831 1222 2913 (Torgae.)

870 2928 1242 2968 W

607 3049 685 3136 (ie.
715 3047 966 3166 Patricio.

323 3223 409 3297 Epist.
420 3221 468 3279 lib.
481 3221 513 3281 V.
526 3241 554 3294 p.
569 3221 622 3278 410
638 3241 678 3296 sq.

290 3391 499 3492 Georgio
523 3389 775 3479 Fabricio,
797 3385 1026 3487 gubernanti
1050 3383 1218 3460 scholam

694 3493 815 3567 Misn.

260 3635 309 3724 S.
334 3647 381 3726 D.
430 3645 641 3720 Doctissime
658 3649 728 3730 vir,
743 3662 776 3717 et
791 3641 996 3716 charissime
1011 3646 1130 3716 irater.
1158 3643 1248 3715 Cum

260 3755 299 3821 in
316 3752 402 3821 locis
420 3775 494 3820 non
511 3751 632 3841 procul
649 3749 781 3818 dissitis
797 3749 923 3831 simus,
942 3747 1098 3840 colloqui
1113 3749 1250 3835 saepius

260 3876 327 3922 nos
343 3854 546 3946 oportebat,
573 3851 777 3942 praesertim
795 3851 832 3918 in
854 3845 918 3918 bac
934 3862 1135 3939 temporum
1151 3873 1248 3918 moe-

262 3955 375 4039 stitia,
393 3955 431 4022 in
448 3979 515 4046 qua
534 3954 666 4022 lenitur
682 3953 786 4020 dolor
801 3953 1055 4020 consuetudine
1070 3965 1104 4019 et
1117 3974 1248 4018 sermo-

262 4057 369 4127 nibus
386 4056 591 4127 amicorum.
643 4052 712 4124 Sed
737 4048 827 4122 mibi
846 4053 1028 4145 aliquanto
1047 4053 1166 4121 minus
1186 4053 1249 4122 otii

264 4157 444 4240 existimo,
470 4181 576 4250 quam
594 4155 660 4224 tibi
679 4168 741 4226 est.
793 4149 1015 4246 Aliquandiu
1036 4155 1130 4222 enim
1145 4179 1231 4222 occu

265 4274 367 4352 patus
388 4259 440 4328 fui
467 4255 707 4350 Augustanos
730 4251 907 4324 Ecclesiae
936 4255 1104 4343 negotiis,
1138 4270 1171 4325 et
1195 4280 1249 4324 re-

265 4360 361 4430 texui
373 4356 415 4431 τὸ
431 4353 663 4456 σύγγραμμα
676 4363 741 4451 τῆς
753 4361 894 4452 ψυχῆς,
920 4381 959 4426 ac
980 4381 1075 4426 narnc
1089 4352 1249 4426 Stanea-

265 4484 329 4528 rus
352 4461 456 4529 nobis
479 4461 612 4529 bellum
639 4460 765 4541 infert,
798 4458 883 4539 ὄνος
904 4455 1030 4552 φέρων
1052 4451 1249 4550 μυστήρια.

265 4555 516 4632 Osionder'ex
531 4561 604 4630 acie
621 4558 823 4651 excessit¹),
851 4557 916 4630 boc
932 4575 1001 4639 est,
1028 4585 1066 4630 ex
1087 4557 1150 4629 bac
1168 4563 1249 4630 vita.

266 4662 486 4734 Intumuerat
502 4661 532 4730 ei
550 4685 677 4752 corpus
695 4659 863 4754 hydrope.
890 4660 1013 4731 Postea
1030 4678 1145 4730 secuta
1165 4687 1249 4752 apo-

146 4777 153 4794 '
264 4766 378 4856 plexia
401 4767 549 4835 extinxit
571 4787 662 4845 eum.
724 4762 866 4834 Utinam
894 4764 1023 4833 rectius
1052 4788 1134 4832 usus
1164 4785 1247 4830 esset

264 4881 333 4936 tam
351 4867 451 4936 brevi
465 4865 641 4942 curriculo
656 4864 692 4932 in
707 4861 842 4933 Baltico
860 4865 986 4934 littore.
1016 4864 1154 4953 Nuper,
1172 4892 1248 4933 carm

256 4969 310 5036 ‘de
326 4963 428 5037 Siclo
450 4969 640 5037 dicendum
664 4981 770 5045 esset,
796 4967 862 5034 leci
888 4967 924 5034 in
949 4967 1037 5036 lecto
1061 4967 1251 5035 versiculos

265 5071 309 5138 de
330 5071 469 5158 liguris,
495 5091 585 5162 quae
610 5065 706 5138 Siclo
720 5065 861 5137 Ebraeo
884 5067 1076 5158 insculptae
1096 5069 1249 5138 fuerunt.

262 5237 487 5252 .—

296 5331 324 5400 4)
343 5327 433 5382 Edidit
448 5347 471 5382 s.
483 5327 571 5383 1551..
588 5328 852 5396 „inflectionibus
865 5325 937 5392 sstttb
944 5327 1135 5393 &multivii
1146 5325 1248 5382 Osien-

332 5397 374 5450 dri
388 5399 491 5453 nentes
503 5397 709 5466 dtscbtfsttiqunq
724 5401 767 5452 tes
780 5397 924 5460 Densum.
1233 5425 1241 5434 ·

298 5502 324 5570 l)
346 5498 466 5552 Andreas
485 5497 621 5552 Osiander
642 5497 683 5554 17.
704 5497 806 5552 Octob.
824 5516 849 5552 a.
869 5495 945 5553 1562.

1288 1515 1480 1659 Q.

1569 1725 1645 1814 (ic.
1673 1725 1994 1812 Beolsleolzero.

1358 1909 1380 1980 †
1399 1907 1435 1961 Es
1448 1924 1541 1978 apogr.
1553 1903 1583 1958 in
1597 1903 1660 1960 eod.
1678 1901 1767 1960 Paris.
1786 1901 1821 1958 D.
1835 1901 1868 1955 t..
1880 1901 1941 1960 Μ’.

1515 2067 1579 2143 Ad
1602 2066 1650 2143 G.
1675 2063 2068 2142 Bucttotzerum.

1294 2215 1509 2296 Reverendo
1530 2225 1586 2292 vir
1608 2237 1642 2293 et
1666 2222 1777 2294 amice
1803 2221 1992 2296 carissime.
2053 2222 2159 2312 Qsaod
2187 2219 2258 2290 lilius

1296 2326 1362 2398 Dei
1387 2327 1426 2394 in
1453 2349 1564 2416 agone
1585 2348 1649 2395 suo
1670 2337 1832 2416 precatus
1854 2337 1923 2410 est,
1949 2339 1987 2396 ut
2001 2325 2108 2395 faciat
2124 2338 2258 2392 aeterua

1166 2472 1174 2487 s
1297 2444 1413 2523 pater,
1438 2443 1478 2500 ut
1495 2429 1623 2521 inipso
1644 2447 1758 2496 unum
1780 2424 1905 2510 simus,
1929 2425 2024 2496 idem
2048 2449 2183 2517 semper
2202 2447 2260 2514 prr-

1299 2545 1408 2606 catur.
1461 2529 1614 2624 Ideoque
1639 2527 1702 2598 etsi
1724 2549 1870 2616 magnae
1895 2528 1985 2597 liunt
2006 2528 2261 2602 dilacerationes.

1300 2647 1418 2704 tamen
1439 2633 1552 2700 lucem
1573 2629 1730 2700 veritatis
1751 2644 1785 2699 et
1801 2628 1898 2720 pium
1921 2652 2135 2700 consensum
2160 2631 2194 2697 in
2213 2627 2262 2696 ali·

1300 2735 1430 2827 quibus
1444 2745 1641 2816 conservat;
1664 2755 1720 2815 ac,
1744 2744 1785 2800 ut
1800 2745 1934 2801 mentes
1950 2745 2091 2803 nostras
2114 2746 2216 2821 regat,
2235 2740 2262 2796 nt

1302 2857 1367 2905 nos
1391 2857 1531 2928 quoque
1554 2857 1671 2902 veram
1695 2831 1898 2904 doctrinam
1914 2853 2168 2924 propagemus,
2188 2845 2217 2902 et
2237 2843 2265 2898 ut

1300 2937 1494 3006 multorum
1512 2935 1558 3004 sit
1574 2935 1631 3025 pia
1650 2933 1851 3014 concordia,
1867 2947 1941 3003 toto
1960 2957 2041 3004 eum
2061 2933 2265 3028 pectoreoro·

1302 3038 1356 3110 Sit
1381 3037 1484 3106 etiam
1505 3037 1663 3107 studium
1687 3035 1807 3105 multis
1836 3036 2048 3126 aggregandi
2071 3061 2109 3108 se
2132 3039 2173 3107 ad
2195 3047 2266 3104 recte

1302 3139 1509 3223 sentientes,
1538 3162 1603 3208 nec
1622 3151 1837 3231 quaerantur
1859 3139 2033 3229 paradoxa
2057 3137 2267 3210 ostentatione

1303 3241 1448 3332 ingenii.
1497 3237 1575 3328 Ego
1591 3264 1670 3310 cerm
1688 3251 1775 3308 esset
1789 3261 1916 3328 magna
1932 3240 2147 3330 opinionum
2164 3238 2266 3310 conlo·

1302 3344 1375 3427 sio,
1400 3343 1551 3433 simplici
1575 3343 1693 3412 animo
1719 3340 1875 3434 quaesivi
1897 3342 2151 3433 explicationes
2171 3341 2269 3432 planas

1303 3460 1335 3516 et
1360 3445 1579 3536 perspicuas,
1605 3468 1644 3512 ae
1669 3467 1766 3510 meae
1785 3443 1978 3513 voluntatis
2001 3446 2102 3516 testis
2118 3441 2267 3514 estDeus.

1304 3547 1439 3618 Deinde
1453 3546 1574 3638 quales
1591 3546 1626 3612 in
1644 3545 1860 3634 inspectione
1877 3539 2119 3616 Eeclesiarum
2143 3543 2269 3636 ineptias

1304 3649 1555 3732 invenerimus,
1570 3646 1946 3735 mensinitvirsapiens
1963 3662 1995 3716 et
2004 3647 2121 3718 Deum
2134 3671 2210 3716 vera
2218 3645 2268 3712 tte

1303 3765 1336 3820 et
1360 3749 1583 3818 invocatione
1606 3749 1740 3831 colens,
1767 3747 1934 3828 dominus
1958 3751 2085 3820 doctor
2106 3747 2270 3840 Hierony·

1303 3876 1396 3924 mus.
1448 3849 1521 3920 Has
1537 3875 1616 3920 cum
1634 3852 1819 3920 emendare
1835 3853 2076 3935 studeremus,
2103 3866 2187 3922 tunc
2199 3873 2269 3943 quo-

1303 3979 1372 4047 que
1393 3948 1560 4044 colaphos
1584 3953 1723 4042 accepi,
1754 3966 1792 4020 ut
1815 3966 1933 4040 postea
1959 3975 2064 4044 saepe
2088 3955 2150 4023 alii
2175 3955 2209 4020 in
2229 3972 2270 4017 ne

1303 4057 1540 4127 incurrerunt.
1599 4052 1761 4123 Tandem
1788 4043 1979 4122 Osionder
2002 4068 2144 4124 tantum
2168 4056 2271 4123 attrec-

1303 4181 1362 4226 sus
1384 4181 1440 4225 me
1462 4155 1576 4244 veniri
1601 4155 1774 4240 evomuit,
1799 4169 1971 4250 quantum
1994 4157 2056 4224 din
2079 4159 2150 4225 iarn
2168 4157 2271 4223 ardens

1303 4259 1386 4328 odio
1400 4259 1601 4348 collegerat,
1630 4257 1921 4349 quiataxavimus
1942 4262 2118 4352 quaedam
2142 4259 2213 4326 eius
2226 4255 2272 4322 dr·

1303 4361 1501 4432 liramenta.
1535 4357 1639 4429 Nunc
1656 4359 1685 4427 si
1701 4354 1973 4430 meStancnrus
1987 4362 2188 4441 adorietur,
2202 4349 2271 4426 mibi

1303 4457 1395 4530 nibil
1415 4461 1498 4530 novi
1515 4461 1667 4540 accidet,
1693 4474 1725 4530 et
1743 4461 1895 4550 primurn
1909 4457 2006 4546 Deo,
2029 4457 2270 4532 deiudeEccle·

1304 4565 1375 4634 siae
1399 4563 1529 4631 iudicio
1555 4563 1809 4632 commendabo
1841 4564 2008 4657 quicquid
2035 4563 2271 4655 disputabitur:

1304 4667 1465 4734 nondum
1483 4665 1576 4732 enim
1596 4664 1687 4747 scio,
1714 4665 1798 4757 quid
1816 4665 1901 4736 velit
1914 4661 2186 4754 reprehendere.
2230 4658 2271 4730 lle

1306 4768 1449 4835 sublimi
1467 4789 1531 4832 nos
1545 4789 1668 4833 omnes
1685 4766 1850 4857 despicit,
1875 4770 1970 4859 quod
1987 4767 2088 4836 facile
2111 4770 2201 4850 fero;
2224 4760 2268 4830 sed

1305 4869 1342 4935 in
1358 4867 1432 4935 eius
1452 4865 1590 4956 scriptis
1606 4867 1690 4959 quid
1707 4881 1845 4936 tantum
1862 4869 1907 4938 sit
1922 4869 2134 4938 erarditionis
2156 4881 2189 4937 et
2206 4885 2270 4934 ner·

1305 4993 1430 5038 vorum
1447 4969 1653 5037 iudicabunt
1669 4969 1720 5058 pii
1735 4968 1892 5042 tectores.

1404 5067 1457 5138 De
1475 5069 1792 5160 propositionibus,
1820 5071 1864 5138 de
1889 5069 2017 5162 quibus
2039 5066 2091 5141 est
2115 5083 2269 5140 certamen

1304 5170 1399 5262 apud
1425 5193 1503 5253 vos,
1535 5171 1694 5240 existimo
1717 5171 1821 5240 etiarn
1847 5166 2067 5240 Musonium
2089 5172 2193 5242 nobis
2214 5186 2271 5236 nnn

1304 5275 1572 5342 adversaturum
1604 5295 1688 5344 esse.
1745 5269 1856 5342 Nemo
1886 5296 2045 5366 unquam
2071 5275 2111 5342 in
2136 5269 2270 5342 Ecclesia

1304 5374 1409 5445 dixit:
1434 5390 1596 5444 naturam
1618 5375 1775 5442 divinam
1795 5374 1832 5442 in
1848 5369 2182 5444 Christomortuam
2198 5387 2268 5444 esse3

1304 5499 1417 5568 neque
1438 5476 1487 5545 sic
1522 5477 1717 5570 loquuntur
1738 5477 1941 5568 scriptores:
1978 5472 2143 5548 Christus
2166 5491 2268 5544 secun·
