4624 6216
90 299 149 376 877
610 293 1044 376 EPISTOLARUM
1104 291 1211 376 uls.
1234 293 1318 371 llll.
1371 297 1503 381 1651.
2014 303 2090 378 878

88 479 242 540 stusetest
255 467 385 544 efficax.
425 463 560 560 Haec')
575 469 836 540 sacramentalis
853 465 1047 562 praesentia
1068 466 1074 517 ¹
1097 488 1173 534 ram
1187 459 1382 536 Ecclesiam
1403 465 1462 536 dei
1484 467 1708 558 aggregemus
1730 479 1763 538 et
1786 467 1824 538 in
1847 489 1905 548 ea,
1931 467 2029 540 velut
2051 467 2090 534 io

87 585 130 643 est
139 569 335 656 voluntaria3
353 593 426 640 non
446 583 498 642 est
512 571 663 642 inclusio
680 571 888 662 geometrica
901 572 958 642 rel
972 593 1047 640 ma-
1095 588 1176 636 arca
1190 565 1322 651 abditi,
1345 565 1385 634 io
1399 560 1455 636 his
1469 561 1658 638 horrendis
1670 569 1939 639 confusionibus
1953 567 2091 659 generis

82 673 160 764 gisa,
180 695 241 766 qua
258 685 402 762 cogatur
414 665 579 742 Christus
592 672 631 742 iu
646 696 736 765 pane
752 695 908 744 manere.
954 669 1047 742 Cum
1095 661 1245 738 humani
1260 689 1452 742 servemur.
1503 667 1564 742 Sic
1585 669 1679 738 enim
1701 669 1957 762 scriptumest:
1982 667 2091 740 Plan-

83 773 250 866 bsptizator
263 765 371 844 bomo
386 771 426 842 in
440 771 517 864 ipsa
531 774 670 845 actione
684 799 765 844 vere
778 775 877 844 adest
890 771 1047 866 Spiritus
1095 767 1160 840 tati
1180 767 1218 836 in
1244 768 1351 840 domo
1372 769 1530 856 domini,
1560 771 1599 840 in
1621 771 1720 842 atriis
1742 773 1871 842 domus
1895 770 1953 840 dei
1978 767 2091 842 nostri

82 887 210 960 sanctus;
235 897 311 944 non
326 887 446 946 manet
460 875 499 942 in
514 883 606 968 aqua
620 889 716 946 extra
731 876 919 949 actionem.
953 872 1048 945 Sunt
1095 869 1287 942 florebunt.

81 977 172 1066 igitur
188 975 440 1046 abominandae
461 975 544 1045 illae
559 971 588 1072 ⁴)
612 978 851 1072 quaestiones:
884 999 930 1044 an
954 996 1044 1058 mus,
1197 966 1255 1040 Ad
1270 982 1462 1064 utrumque
1476 983 1593 1050 autem
1608 967 1741 1046 scilicet
1757 974 1802 1044 ad
1819 995 1939 1043 veram
1957 969 2016 1042 dei
2034 971 2091 1040 in-

79 1079 188 1148 rodens
216 1099 343 1170 panem
377 1091 637 1162 consecratum,
682 1071 886 1174 comedat⁸)
918 1097 1046 1166 corpus
1094 1070 1315 1140 vocationem
1331 1073 1425 1142 etad
1443 1071 1730 1160 diiudicandum,
1754 1097 1845 1168 quae
1863 1075 1909 1144 sit
1926 1067 2092 1144 reraEc-

77 1174 199 1252 Christi.
246 1173 294 1249 Et
314 1177 576 1248 abominandus
602 1191 654 1250 est
674 1201 753 1250 mos
774 1177 1046 1250 circumferendi
1094 1171 1219 1252 clesia,
1245 1193 1385 1240 necesse
1397 1185 1449 1243 est
1463 1171 1660 1264 intelligere
1673 1187 1834 1246 externos
1847 1189 1883 1248 et
1904 1172 2090 1269 panegyri-

75 1281 164 1372 panis
180 1279 213 1350 in
232 1279 449 1372 spectaculis.
499 1278 621 1368 Quare
643 1304 702 1366 ea,
733 1303 825 1375 qnae
846 1291 927 1372 post
947 1301 1046 1347 com·
1094 1295 1155 1342 cos
1169 1271 1271 1353 ritus,
1298 1271 1361 1366 qui
1376 1286 1459 1344 sunt
1473 1274 1575 1344 nervi
1591 1275 1815 1366 publicorum
1829 1297 2091 1365 congressuum.

76 1381 258 1452 monbnern
273 1383 318 1452 de
333 1403 424 1474 pane
437 1393 473 1453 et
487 1381 573 1452 vino
588 1381 723 1476 reliqua
739 1394 839 1466 sunt,
864 1401 955 1475 quae
970 1399 1046 1450 non
1096 1371 1183 1444 Vult
1204 1373 1298 1444 enim
1325 1375 1412 1444 deus
1433 1373 1594 1446 exaudiri
1611 1399 1732 1448 vocem
1757 1377 1932 1468 evangelii
1954 1376 1992 1450 io
2014 1389 2092 1452 toto

74 1485 314 1554 manducantur
334 1482 380 1552 ab
400 1481 461 1568 iis,
496 1505 650 1577 qnorum
673 1483 719 1554 sit
736 1477 768 1576 ⁸)
791 1480 962 1566 intentio,
992 1479 1047 1550 uti
1094 1497 1221 1562 genere
1238 1469 1408 1550 humano.
1460 1473 1548 1546 Vult
1571 1477 1712 1566 agnosci
1734 1479 1866 1564 lilium,
1889 1479 2018 1572 dequo
2034 1477 2091 1548 di·

73 1607 169 1656 coena
190 1583 344 1669 domini,
377 1607 453 1654 non
477 1597 561 1656 ssent
582 1597 818 1666 sacramenta,
849 1582 933 1678 qnia
955 1580 1046 1652 aetio
1095 1577 1158 1646 cit:
1192 1571 1241 1646 Et
1263 1599 1360 1645 nunc
1384 1597 1483 1666 reges
1505 1576 1713 1668 intelligite,
1738 1577 1949 1652 osculamini
1964 1578 2090 1652 filium.

72 1699 138 1757 tota
154 1697 199 1755 est
221 1697 490 1758 sacramentum.
546 1683 619 1757 Sed
643 1699 788 1778 propter
810 1683 993 1776 imperitos
1012 1693 1048 1751 et
1095 1676 1241 1768 Aperite
1263 1689 1384 1768 portas
1407 1675 1585 1769 principes
1612 1693 1760 1765 vestras,
1785 1693 1820 1750 et
1842 1679 2006 1754 introibit
2030 1703 2092 1750 res

70 1786 284 1858 acremotism
300 1787 458 1872 consulo,
479 1799 521 1857 nt
537 1787 716 1882 reliquom
730 1787 768 1856 in
785 1787 912 1879 poculo
928 1783 1048 1852 ebibat
1096 1779 1238 1868 gloriae.
1286 1774 1370 1848 ldeo
1386 1799 1524 1868 semper
1539 1777 1735 1850 Ecclesiam
1748 1805 1848 1852 suam
1866 1795 2034 1874 tanquam
2054 1780 2091 1850 in

69 1889 202 1960 ultimus
232 1887 515 1968 communicans,
557 1889 614 1957 vel
647 1911 742 1958 unus
776 1888 833 1958 vel
865 1879 1047 1980 plures').
1095 1901 1174 1949 arce
1208 1877 1325 1970 aliqua
1360 1877 1566 1950 collocatam
1599 1881 1755 1972 conspici
1788 1895 1823 1952 et
1855 1881 2014 1952 exaudiri
2046 1882 2092 1952 ab

69 1987 251 2072 †Cessante
265 2011 333 2058 usu
346 1989 554 2060 sacramenti
567 2001 677 2059 cesset
690 2013 832 2084 quoque
846 2007 1048 2058 sacramen·
1096 1979 1264 2050 omnibus
1277 1978 1442 2068 gentibus
1456 1979 1581 2064 voluit,
1607 1995 1642 2052 et
1658 1981 1697 2052 in
1713 1977 1778 2054 hac
1793 1983 1871 2056 rnlt
1885 2005 1958 2052 esse
1971 1983 2092 2076 publi·

68 2103 149 2166 tum.
190 2086 352 2161 Christus
375 2091 442 2160 sub
465 2090 569 2182 panis
586 2089 702 2182 specie
722 2113 796 2158 non
819 2101 870 2159 est
892 2089 1048 2158 adoran·
1097 2105 1155 2151 cos
1170 2095 1205 2151 et
1220 2075 1386 2150 honestos
1409 2103 1635 2174 congressus,
1659 2083 1698 2152 in
1716 2085 1845 2178 quibus
1860 2097 1961 2154 sonet
1984 2107 2093 2155 evan-

66 2193 139 2264 dus.
182 2189 287 2262 Panis
307 2191 415 2261 simul
436 2215 517 2262 cum
539 2215 687 2284 corpore
710 2186 846 2263 Christi
867 2201 988 2260 manet
1009 2187 1048 2256 in
1096 2181 1226 2274 gelium
1241 2193 1275 2251 et
1288 2179 1349 2250 bat
1362 2181 1539 2264 invocatio
1555 2183 1708 2274 publica.
1743 2181 1790 2256 Et
1805 2185 1946 2256 vincula
1961 2179 2093 2256 horum

66 2292 291 2364 sacramento'’
306 2287 346 2387 ⁸).
556 2299 561 2310 ’
1097 2303 1347 2372 congressuum
1363 2304 1501 2374 sernper
1516 2285 1630 2356 voluit
1645 2308 1717 2354 csse
1734 2299 1845 2356 certas
1865 2287 2093 2370 ceremonias,

1097 2407 1172 2554 qpn
1190 2378 1377 2551 honplinum
1393 2383 1550 2454 consiliis
1566 2385 1846 2557 institutashsed
1866 2387 1911 2458 ab
1927 2385 2003 2558 ipslp
2020 2401 2093 2458 tra·

1124 2499 1199 2558 rtas.
1289 2505 1347 2552 aec
1366 2506 1446 2552 curn
1470 2509 1544 2554 non
1569 2501 1751 2558 rectesnte
1784 2489 1946 2578 igontur,
2000 2489 2093 2558 orri-

1098 2585 1169 2656 bili·
1179 2585 1300 2654 surore
1319 2579 1482 2654 homines
1497 2585 1583 2658 falsa
1600 2589 1748 2660 numina
1763 2589 1902 2680 fingunt
1917 2603 1952 2662 et
1972 2603 2093 2659 coetos

72 2671 139 2746 No.
153 2669 264 2750 5008.
911 2677 1048 2802 Q
1098 2687 1153 2808 illi
1167 2685 1335 2756 desinunt
1353 2709 1426 2804 esse
1441 2681 1599 2807 beclesia
1615 2689 1692 2776 dei,
1716 2703 1768 2809 ut·
1780 2689 1931 2809 subinde
1955 2687 2094 2774 accidit,

412 2847 676 2970 erasas.
1097 2791 1678 2976 sessiunculas,
1695 2789 2094 2978 asenna

122 3035 282 3094 necterent.
298 3031 383 3089 'rom
396 3029 443 3087 tv.
461 3009 568 3101 (sossi
582 3047 645 3113 μ’.
658 3028 721 3084 sss,
745 3027 788 3088 ,g
806 3027 882 3088 sen.
900 3029 985 3084 qm,
999 3027 1048 3085 pv,
1099 3015 1174 3061 non
1198 3001 1336 3058 tantum
1353 2989 1507 3059 externis
1528 2993 1683 3081 gestibus
1706 2994 1894 3064 colendum
1916 3017 2006 3080 esse,
2031 2995 2091 3062 scd

156 3103 251 3189 pesa
272 3129 301 3144 -
332 3101 560 3186 'usmntpsou
573 3098 688 3222 tqoprt·
699 3095 793 3156 ridere
793 3099 890 3222 1pressi·
903 3117 959 3180 nep
975 3117 1048 3222 eqo·
1097 3103 1261 3185 oportere
1283 3088 1322 3158 in
1344 3091 1523 3160 mentibus
1549 3117 1731 3165 accensam
1762 3117 1836 3165 esse
1866 3093 1981 3164 lucem
2007 3117 2093 3164 voce

153 3182 226 3299 m:
267 3171 402 3230 neuros·
425 3180 509 3244 egon
530 3179 726 3238 praenomen
745 3187 775 3223 er
821 3169 995 3224 adamassem
1016 3187 1048 3224 os
1098 3189 1362 3287 promissionis,
1388 3215 1457 3284 qna
1479 3206 1572 3263 recte
1593 3210 1840 3284 agnosceretur
1855 3208 1889 3266 et
1910 3195 2093 3264 invocaress

1098 3309 1157 3367 tur
1171 3296 1258 3362 deus
1273 3291 1400 3362 fiducia
1415 3294 1577 3382 promissi
1592 3296 1806 3380 mediatoris,
1822 3309 1858 3366 et
1871 3295 1910 3364 in
1926 3295 2094 3374 cordibus

42 3401 113 3476 De
133 3393 330 3471 horrendis
352 3391 532 3466 abusibus
560 3417 605 3464 oc
627 3391 895 3511 prqsonotione
919 3415 1048 3464 coenae
1097 3397 1197 3465 vivos
1213 3415 1336 3464 sensns
1353 3415 1426 3462 esse
1443 3394 1580 3464 timoris
1595 3396 1672 3481 dei,
1696 3397 1865 3480 fiduciae,
1892 3395 2094 3466 dilectionis

40 3501 276 3578 Dominicoe
291 3499 332 3572 in
347 3493 493 3582 Misso,
517 3503 550 3565 el
566 3517 647 3566 vero
659 3489 817 3566 eiusdem
834 3518 915 3579 nso,
938 3517 1048 3592 prae·
1097 3509 1132 3568 ct
1147 3496 1297 3566 aliarum
1314 3495 1506 3580 virtutum,
1532 3508 1566 3564 et
1581 3519 1698 3566 mores
1716 3511 1876 3568 externos
1899 3519 2092 3586 congruere

39 3605 150 3700 satio
162 3597 336 3702 praefixo
353 3597 451 3672 libro
469 3595 535 3770 ii!
546 3591 745 3692 Georgii
765 3591 982 3668 Maioris
1004 3591 1048 3668 de
1097 3609 1260 3690 oportere
1281 3619 1360 3665 curn
1383 3595 1444 3666 illa
1467 3595 1640 3688 sapientia
1667 3597 1742 3684 dei,
1773 3621 1863 3692 qnae
1885 3597 2093 3668 nominatur

531 3697 620 3770 isso.
1098 3700 1183 3791 legis
1200 3695 1336 3770 notitia.

32 3841 84 3926 l)
200 3849 339 3919 mnium
355 3841 543 3916 hominnm
591 3842 679 3913 raeci
708 3867 752 3914 ue
772 3865 965 3914 curaeesse
982 3843 1046 3912 de·
1197 3795 1422 3916 ‚me‘avm
1444 3809 1607 3868 ΝΜΟ*
1628 3797 1985 3871 ῑῖῑῦθθθθῐῖῧίῐθῐῑῐῐΰ
2002 3800 2092 3870 ⁸⁶30·

89 3877 158 3923 uae
175 3875 198 3920 ⁰
566 3867 588 3936 p
684 3867 705 3935 Ρ
1014 3945 1023 3962 ·
1097 3900 1377 3969 bantmmmtos
1394 3923 1485 3980 esse,
1511 3912 1551 3970 ut
1568 3899 1605 3968 in
1623 3901 1773 3992 publicis
1790 3901 2035 3992 congressibus
2056 3915 2092 3972 et

29 3958 156 4038 bem‘
185 3951 301 4069 prio-'²
325 3961 366 4020 m
381 3971 503 4066 virum
513 3945 632 4064 ‘deum
656 3967 860 4014 'mmmm
875 3959 909 4014 et
926 3967 1046 4063 ⁰uima
1096 3996 1182 4070 baec
1195 3999 1392 4090 spectacula
1407 4002 1746 4072 commonefacerent
1762 4004 1932 4094 populum
1948 4005 1993 4072 de
2007 4023 2092 4094 pro-

28 4067 296 4128 commentscra
317 4073 465 4120 nummo
488 4059 638 4117 vitemus
658 4059 693 4116 et
714 4069 937 4130 execremur,
956 4059 1047 4116 srcut
1136 4101 1145 4120 .

29 4161 40 4178 ,
148 4157 158 4173 .
244 4153 287 4195 .,
408 4151 417 4169 .
910 4147 919 4166 .
1035 4147 1044 4164 .
1097 4101 1265 4171 missione
1298 4101 1431 4175 divina.
1480 4099 1649 4174 Sciebant
1680 4105 1891 4174 mactatione
1924 4123 2090 4194 pecorum

26 4181 118 4250 ¹⁹⁸²
146 4165 287 4248 ¹¹¹th
312 4149 506 4222 nmmum
527 4149 632 4218 deum
651 4159 751 4218 tuum
772 4147 938 4217 admb„
958 4160 993 4217 ‘t
1014 4171 1046 4216 ⁶¹
1095 4199 1285 4292 significari
1301 4215 1451 4273 mortem
1467 4203 1610 4272 venturi
1629 4203 1856 4288 redemtoris,
1881 4229 1949 4297 qna
1966 4204 2019 4272 irs
2033 4201 2091 4272 dei

23 4259 108 4330 soli
125 4255 276 4328 servies.
325 4249 468 4336 Altera,
488 4263 527 4320 ut
541 4247 882 4340 circumspiciamus,
907 4273 997 4342 quae
1012 4261 1046 4318 et
1095 4307 1263 4373 adversus
1285 4316 1465 4396 peecatum
1491 4303 1660 4396 placanda
1683 4317 1787 4389 emp,
1808 4317 1843 4374 ‘t
1865 4305 1902 4372 qd
1922 4325 2091 4374 mm

19 4361 101 4432 ubi
125 4359 179 4429 sit
201 4377 286 4426 vera
309 4353 366 4422 dei
387 4348 562 4435 Ecclesia,
587 4349 742 4420 retinens
763 4349 1046 4436 fundamentum,
1096 4419 1131 4476 et
1151 4405 1355 4474 mirandum
1379 4405 1559 4473 demtum
1583 4405 1628 4472 de
1655 4419 1768 4474 mom
1791 4405 1982 4476 “dem

19 4487 100 4532 nec
135 4457 371 4550 pertinaciter
400 4453 593 4522 defendens
622 4451 729 4544 impia
758 4451 941 4541 dogmata,
984 4463 1047 4522 aut
1095 4505 1419 4598 puloenmabam.
1952 4425 2002 4476 ¹¹⁸
2024 4427 2090 4496 1¹⁰·

19 4557 297 4636 commenticia
314 4555 483 4638 numina,
508 4575 643 4648 nosque
661 4555 705 4622 ad
729 4551 827 4622 illam
852 4575 962 4660 ursam
986 4576 1046 4622 ve-
1191 4602 1271 4676 Etsi
1284 4619 1399 4675 autem
1414 4626 1552 4694 semper
1568 4605 1606 4674 qn
1620 4605 1738 4700 aliqua
1755 4619 1852 4696 pm
1867 4605 2005 4698 generi,
2019 4600 2089 4676 hu,

19 4757 280 4784 ,,..........-
1096 4706 1193 4776 mani
1214 4705 1313 4776 fulsit
1329 4727 1408 4772 vera
1430 4703 1489 4774 dei
1512 4717 1547 4775 et
1563 4707 1772 4776 redemtoris
1792 4707 1944 4797 agnitio,
1970 4721 2088 4778 umen

1097 4806 1243 4898 plurimi
1259 4801 1431 4888 homines,
1455 4817 1632 4876 contemta
1648 4832 1732 4878 voce
1749 4821 1901 4899 patrum,
1926 4809 2087 4878 laxarunt

50 4893 89 4964 ⁵)
114 4889 222 4958 ΗΜ]
240 4883 335 4953 “dd-¹
352 4881 399 4938 “³
419 4879 509 4936 '’m'‘
526 4885 563 4932 ‘³‘
1095 4909 1214 4978 irenm
1229 4905 1503 4996 cupiditatibus,
1527 4929 1568 4978 ac
1581 4907 1711 4978 deinde
1729 4908 1767 4978 in
1782 4910 1905 5000 poenis
1918 4923 2087 5004 tanquam

47 4983 88 5136 ἕξ
112 4977 201 5116 ἓέζ
222 4971 305 5113 ἓξὲξ
323 4967 478 5114 1313„
1094 5007 1242 5080 aaron
1258 5009 1303 5078 aa
1320 5008 1445 5090 datm,
1471 5007 1933 5082 vtemnannmnnus
1948 5010 2086 5100 nans·

44 5153 86 5219 6>
109 5149 174 5212 aa]
195 5141 301 5208 codd„
325 5138 371 5195 esd
390 5137 454 5192 Pes.
470 5141 524 5192 set.
1094 5109 1185 5180 iram
1199 5109 1257 5180 dei
1272 5107 1391 5178 conati
1411 5119 1543 5178 suntet
1556 5109 1726 5200 paulatim
1750 5110 1926 5202 progressi
1945 5111 2087 5202 longius

42 5237 82 5304 7)
107 5227 223 5286 Ponet.
249 5225 458 5282 mmmm
479 5234 554 5274 ones
576 5223 628 5272 eos
648 5215 762 5284 fimet
793 5215 857 5272 ωδ·
882 5213 966 5272 oon.
983 5217 1045 5271 4⁰1·
1093 5221 1129 5280 et
1141 5209 1278 5280 incitati
1293 5233 1312 5280 a
1327 5209 1489 5294 diabolis,
1515 5209 1614 5298 signa
1628 5224 1805 5282 verterant
1821 5211 1861 5282 io
1874 5213 1961 5284 deos
1975 5227 2010 5284 ot
2024 5212 2084 5282 alii

40 5393 80 5461 8)
91 5313 285 5441 ,1828118881
297 5295 514 5450 Ιίἵυξιτζῗρυᾶ
529 5369 603 5440 Pen,
620 5385 671 5426 nee
688 5367 822 5426 bbeutoc
839 5367 869 5426 io
883 5367 947 5426 cod.
960 5365 1044 5426 Gotlr.
1092 5311 1182 5430 ‘iios
1195 5311 1447 5430 ngllamnt.
1481 5303 1652 5382 Chaldoei
1668 5325 1703 5382 ει
1718 5309 1844 5384 Peme
1858 5313 1989 5431 ,iffnfm‘
2004 5337 2085 5432 „W

87 5461 172 5510 sor.
874 5455 878 5471 ·
1093 5425 1255 5486 vsctsmac
1282 5411 1581 5514 socenddtantur,
1614 5411 1778 5486 colebant
1797 5427 1834 5486 et
1857 5415 1982 5487 mollo
2005 5437 2085 5504 igne
