4624 6216
618 331 1052 414 nersronanun
1106 331 1211 410 usn
1241 329 1325 417 xrs.
1379 327 1511 408 esst.
2007 343 2134 451 aas„

271 507 386 592 lotus,
411 499 544 604 ulmus
563 504 756 606 perfectus.
811 505 951 582 Deinde
971 507 1035 578 ad·
1087 504 1190 574 ficere
1203 515 1289 594 puto
1305 501 1547 574 testimoninm
1563 502 1698 598 primae
1712 501 1891 584 Ecclesiae
1906 533 1947 583 ac
1962 513 2083 604 prosi·

269 605 369 680 ditur
400 606 513 678 forma
540 609 730 680 sermonis:
765 605 912 706 Ubique
939 616 1036 680 tutus
1087 629 1166 676 mae
1181 618 1262 697 post
1277 599 1478 696 Apostolos,
1503 631 1592 700 quae
1605 623 1699 680 certe
1715 611 1904 703 baptisavit
1919 613 2084 700 lnlsntes,

269 716 340 789 est,
364 701 432 778 sed
452 731 528 780 ααα
548 715 675 780 totum.
725 703 801 780 Alii
826 709 1037 782 concinnius
1088 720 1129 778 ut
1148 703 1474 778 manifestissimum
1498 713 1551 778 est
1572 731 1615 780 ex
1638 705 1812 802 Origene,
1838 729 1871 788 et
1889 711 2083 809 Cypriano.

268 809 379 880 locuti
392 823 486 882 sunt.
537 802 749 906 Proposits'o
769 833 854 882 uera
871 819 922 882 est
940 833 1036 881 com·
1088 805 1183 878 Huic
1205 806 1340 877 accedit
1363 822 1610 896 argumentum
1634 834 1675 880 er
1701 813 1792 883 veris
1811 815 2082 886 lontibussnm·

268 906 518 982 munientium
558 905 777 984 idiomotum
791 929 808 978 .··
861 904 1037 986 Christus
1089 921 1181 980 turn:
1207 902 1338 976 Extra
1355 902 1562 979 Ecclesiam
1576 931 1650 980 ααα
1665 919 1717 981 est
1731 909 1850 989 solus.
1888 913 2084 988 Promissis

65 1109 122 1158 M
139 1111 254 1158 m
271 1007 516 1183 „maumam
594 1112 604 1131 .
730 1113 740 1130 θ
874 1113 885 1132 .
1089 1009 1212 1128 salutis
1227 1009 1383 1128 pertinet
1395 1011 1441 1128 ad
1462 1011 1626 1087 inientes.
1667 1011 1824 1134 Tantum
1839 1017 2004 1108 igitnrsd
2022 1042 2083 1138 eps

49 1189 256 1298 ,cm
270 1113 1037 1312 aas‘vmimiiyiiiii‘iiiiiiiimd
1089 1109 2082 1312 cittis„t:¹1att‘ttttt⁰nl.itli⁸tf;ai‘3„25:¹3:

47 1319 135 1444 *ἃ
148 1324 179 1432 τι
184 1331 256 1434 ‘3:-
272 1309 434 1412 corpori,
456 1306 525 1384 sed
542 1311 618 1411 ipse
643 1337 772 1412 corpus
796 1313 972 1397 continet,
996 1323 1037 1384 ut
1089 1325 1173 1384 sunt
1196 1313 1236 1382 in
1258 1307 1433 1393 Ecclesia,
1463 1315 1523 1383 sed
1545 1317 1639 1406 apud
1666 1340 1745 1403 eos,
1777 1319 1839 1412 qui
1860 1319 1977 1411 palam
1999 1333 2084 1391 sunt

48 1457 99 1502 ,Μ
112 1455 257 1516 mm,
272 1422 305 1487 sl
319 1416 360 1486 in
375 1412 488 1496 sosii,
513 1423 546 1485 ct
564 1421 672 1486 exim
689 1417 828 1502 omniu,
849 1425 881 1488 et
894 1415 935 1486 in
950 1415 1037 1486 sinu
1091 1407 1289 1504 blasphemi
1317 1414 1486 1484 adversus
1509 1411 1705 1491 Christum.
1763 1419 1846 1490 Scio
1875 1419 2084 1516 placensque
2187 1421 2214 1442 '

48 1519 256 1576 ‘wis-sirleti·
270 1513 411 1612 putris:
435 1537 548 1614 neque
561 1539 640 1588 cum
660 1515 711 1589 sit
732 1517 772 1588 in
789 1515 976 1604 omnibus,
985 1511 1038 1608 fit
1091 1509 1343 1606 Anabaptistas
1366 1515 1491 1584 tollere
1512 1530 1690 1606 peccatum
1711 1518 1877 1610 originis,
1902 1535 1937 1594 et
1954 1521 2085 1613 pariter
2184 1591 2195 1613 „

44 1605 200 1722 {m
215 1609 255 1646 '⁸'
269 1637 362 1716 pars
385 1611 566 1704 aliorum,
597 1613 666 1689 sed
686 1619 812 1690 omniu
839 1616 952 1690 vitam
974 1641 1039 1690 su·
1092 1615 1257 1706 pollicere
1272 1613 1424 1686 salutern
1443 1613 1614 1702 Iudaicis,
1641 1615 1822 1704 Turcicis,
1847 1635 1884 1694 et
1898 1621 2085 1716 baptizatis

271 1716 599 1818 simtulionemque
620 1717 670 1791 ub
696 1719 776 1820 ipso
792 1719 989 1818 occipiunt.
1092 1717 1306 1798 infantibus,
1331 1729 1396 1786 etc.
1446 1714 1543 1786 llaec
1560 1715 1685 1790 deliria
1702 1743 1777 1791 non
1791 1737 1875 1794 sunt
1889 1723 2085 1798 toleranda.

347 1817 398 1894 Ut
409 1833 529 1892 sutem
542 1825 587 1892 de
599 1823 704 1894 locali
717 1823 922 1896 ascensione
933 1837 1039 1894 natu·
1091 1814 1139 1888 Et
1153 1819 1198 1888 de
1218 1813 1275 1888 his
1288 1818 1394 1890 rebus
1410 1818 1608 1890 doctsinam
1631 1821 1761 1890 claram
1777 1825 1869 1893 uadi
1886 1838 2024 1914 oportet
2047 1825 2086 1892 in

114 1967 130 1984 s
271 1943 332 1992 rse
349 1915 525 1994 humanae
541 1923 676 1994 dicturo
699 1937 771 2010 est,
796 1919 970 1996 Ascendit
987 1917 1043 1992 od
1091 1915 1261 1992 Ecclesia.
1310 1915 1359 1988 Et
1379 1919 1410 1996 si
1425 1919 1513 1988 velis
1532 1919 1688 2010 recipere
1708 1923 1868 1994 infirmos
1889 1920 2087 2014 Anabapti-

137 2046 229 2094 rnen
272 2017 404 2094 calos:
427 2019 481 2094 lte
504 2025 548 2094 dc
570 2025 783 2096 exaltatione
801 2039 949 2098 naturae
969 2020 1040 2096 lru-
1091 2035 1181 2102 stas,
1208 2033 1300 2092 certe
1314 2021 1491 2090 adversari
1510 2013 1594 2090 huic
1609 2024 1791 2094 doctrinae
1805 2049 1878 2096 non
1897 2027 2086 2099 debebant.

139 2147 216 2198 sua.
271 2145 398 2196 menae
418 2145 526 2216 super
545 2147 668 2196 omnes
685 2139 879 2211 meaturas,
905 2127 1039 2198 dictum
1092 2120 1132 2192 Si
1155 2123 1406 2206 adversantur,
1434 2121 1504 2212 ipsi
1524 2145 1561 2190 sc
1582 2124 1789 2213 seiungunt,
1825 2149 1906 2196 cum
1928 2127 2086 2218 prolecto

138 2248 225 2298 nm
271 2238 341 2296 est:
365 2218 473 2296 dedet
490 2221 546 2296 ad
556 2219 745 2296 deuterum
758 2225 899 2324 putris:
926 2222 1040 2298 uthic
1093 2245 1166 2290 non
1191 2221 1275 2292 satis
1299 2244 1440 2292 muscae
1467 2215 1632 2297 habeant.
1696 2221 1816 2296 Sinite
1837 2223 2015 2322 parvulos
2032 2220 2090 2296 ud

272 2324 406 2398 Paulus
429 2327 563 2422 inquit:
596 2323 743 2427 Ubique
767 2337 820 2400 est
840 2323 897 2400 ud
915 2323 1040 2402 dexte-
1092 2345 1147 2392 me
1163 2323 1294 2406 venire,
1322 2321 1449 2392 offerre
1464 2319 1628 2394 Christus
1643 2324 1796 2398 inientes
1818 2327 2026 2406 iussitDeo‚
2053 2341 2088 2398 et

274 2449 357 2498 rum
375 2421 457 2498 Dei
471 2422 611 2504 sedens.
1093 2427 1136 2492 de
1157 2417 1232 2509 his,
1257 2421 1320 2518 qui
1344 2435 1445 2508 sunt,
1471 2425 1600 2510 oblati,
1625 2440 1661 2496 et
1680 2427 1844 2520 quisunt
1865 2429 1905 2498 in
1928 2425 2086 2500 Ecclesia

81 2537 122 2618 ¹⁸?
150 2537 259 2596 loris-s
350 2527 415 2600 Ait
429 2525 613 2602 Christum
632 2551 773 2602 sursum
794 2555 886 2620 esse,
909 2530 1041 2627 etqui-
1093 2525 1198 2596 dixit:
1224 2519 1315 2596 Non
1338 2531 1390 2592 est
1414 2520 1586 2596 voluntas
1601 2520 1695 2608 Dei,
1723 2535 1761 2597 ul
1780 2538 1903 2624 pereat
1926 2552 2020 2598 uuus
2044 2522 2089 2596 de

47 2606 259 2726 fflmffi
274 2630 356 2700 dern
373 2631 418 2700 sd
443 2633 621 2704 dexteram
636 2628 722 2718 Dei,
746 2633 784 2704 id
804 2647 878 2721 eet,
903 2657 979 2704 non
1001 2645 1042 2704 ut
1091 2621 1261 2722 parvulis
1283 2621 1377 2700 istis.
1427 2623 1498 2696 Sed
1524 2626 1610 2720 quid
1632 2629 1857 2700 sentiendum
1882 2643 1933 2699 est
1954 2631 1999 2698 de
2025 2632 2088 2700 ba·

49 2743 209 2796 nuncu.
272 2731 370 2802 besti
386 2727 533 2822 Angeli,
558 2745 593 2804 et
606 2727 771 2804 homines
785 2757 925 2808 sursum
942 2748 1040 2808 sunt:
1092 2729 1223 2821 ptismo
1245 2727 1284 2796 in
1301 2723 1469 2797 Ecclesiis
1485 2751 1560 2798 non
1582 2731 1802 2802 emendatis?
1853 2727 1961 2806 Valet
1979 2729 2089 2800 mini-

272 2833 336 2903 sed
351 2833 522 2905 exaltatus
545 2857 651 2926 snpra
670 2829 828 2925 Angelos
848 2837 888 2908 in
902 2837 963 2907 ills
980 2859 1042 2906 nn-
1093 2829 1257 2910 sterium,
1280 2827 1417 2898 etiamsi
1440 2840 1581 2900 tenetur
1603 2853 1623 2899 a
1645 2832 1824 2926 tyrannis:
1851 2831 2001 2902 Valebat
2017 2832 2089 2901 cir-

275 2957 360 3004 cana
378 2933 456 3004 lnce
471 2933 559 3020 Dei,
584 2957 735 3024 regnans
750 2960 831 3007 cum
849 2953 963 3030 patre:
995 2933 1041 3008 Et
1093 2929 1272 3014 cumcisio,
1287 2927 1423 3000 etiamsi
1437 2925 1591 3024 Caiphae
1604 2945 1639 3002 et
1653 2932 1786 3002 similes
1800 2933 2091 3016 dominabantur,

273 3047 394 3105 tamen
418 3059 544 3127 corpus
568 3035 726 3106 localiter
747 3039 877 3110 alicubi
894 3053 962 3124 est,
986 3061 1042 3108 se·
1094 3033 1157 3126 qni
1179 3053 1254 3102 non
1273 3029 1517 3119 intelligebant
1539 3033 1809 3124 promissionem
1833 3035 1951 3105 datam
1972 3030 2090 3106 Abra·

274 3137 432 3204 eundum
451 3137 526 3206 veri
549 3139 706 3228 corporis
721 3139 886 3226 modum,
910 3151 950 3210 ut
964 3136 1041 3210 Au.
1095 3129 1172 3208 hae.
1222 3129 1331 3222 Quod
1351 3131 1491 3215 dicsmt,
1517 3133 1731 3225 baptismum
1749 3157 1825 3204 non
1843 3157 1916 3206 esse
1932 3157 2090 3204 necessa-

276 3237 440 3325 gnstinos
456 3238 586 3333 inquit.
622 3237 671 3310 Et
687 3234 753 3310 hae
768 3241 1041 3336 propositiones:
1093 3235 1208 3318 rium,
1232 3234 1329 3302 unde
1347 3226 1416 3302 hoc
1440 3231 1641 3304 affirmant?
1690 3232 1750 3305 An
1776 3237 1909 3327 pariter
1932 3235 2092 3306 iudicant

69 3349 189 3411 mnus·
211 3349 261 3398 uu
277 3327 452 3406 Christus
479 3336 518 3408 in
545 3337 645 3410 codis
676 3347 748 3410 est:
792 3338 882 3438 Ego
907 3339 947 3412 in
974 3339 1043 3412 eis.-
1094 3355 1220 3415 ornnes
1245 3334 1396 3403 infantes
1420 3334 1576 3405 salvari?
1626 3333 1815 3417 Turetcos,
1850 3334 2031 3420 ludaicos,
2057 3349 2092 3404 ct

46 3419 261 3536 &mm
283 3433 480 3510 Veniemus
517 3433 574 3509 od
608 3463 705 3527 eum,
747 3451 779 3512 et
814 3444 1041 3514 mansionem
1094 3434 1313 3528 baptizatos?
1363 3432 1419 3503 Pii
1442 3436 1571 3506 docent
1594 3457 1667 3506 esse
1693 3437 1948 3523 necessarium,
1970 3457 2092 3506 neces-

46 3557 175 3606 vsuma.
195 3559 262 3606 rue
280 3534 688 3639 opudeumsuciemus,
713 3551 775 3620 ele.
797 3545 1044 3638 intelligantur
1095 3538 1198 3608 sitate
1229 3535 1440 3616 ministerii,
1479 3559 1559 3606 cum
1593 3531 1716 3607 haberi
1751 3549 1876 3626 potesl-
1938 3533 2093 3628 Oportet

45 3633 114 3744 aff·
130 3627 264 3746 ζῆ
279 3642 598 3714 communicatione
633 3645 856 3722 idiomatum,
920 3643 969 3720 Ει
999 3647 1043 3715 de
1096 3639 1191 3708 enirn
1216 3636 1368 3706 infantes
1389 3637 1499 3706 inseri
1524 3633 1703 3708 Ecclesiae
1724 3637 1804 3710 Dei.
1859 3633 1908 3710 Et
1929 3640 1993 3738 qui
2015 3661 2093 3706 mo-

48 3771 104 3822 en,
121 3727 264 3824 ιααζι..
280 3737 345 3810 lrac
379 3744 574 3834 praesentis
609 3745 675 3814 lilii
710 3747 748 3816 in
782 3747 1044 3842 praedicatione
1096 3739 1352 3834 riuutncapnd
1375 3760 1435 3808 eos
1456 3750 1538 3808 ante
1563 3738 1798 3830 baptismum,
1818 3739 1882 3834 qui
1905 3762 2011 3832 super
2032 3760 2093 3808 eos

47 3835 212 3882 *ΗΝ
277 3837 483 3934 Evangelii,
516 3847 616 3916 etin
645 3847 792 3931 sanctis,
825 3873 963 3921 neccsse
993 3861 1045 3918 cst
1096 3840 1266 3912 invocant
1287 3837 1401 3908 lilium
1419 3833 1507 3926 Dei,
1532 3839 1758 3912 discernendi
1775 3853 1860 3914 sunt
1882 3837 2093 3926 nTurcicis,

49 3903 263 3956 ‘um'
276 3939 472 4014 Ecclesiam
504 3945 656 4018 fideliter
685 3949 841 4035 erudiri,
872 3965 913 4024 ut
935 3973 1043 4038 agno·
1097 3955 1133 4014 et
1146 3939 1226 4012 aliis
1244 3939 1441 4031 infantibus
1454 3935 1753 4032 blasphemorum.

277 4043 619 4118 scamusDominum
635 4063 796 4121 nostrum
813 4047 1044 4124 lesumcbri-
1199 4037 1254 4112 De
1268 4037 1388 4112 Coena
1403 4037 1553 4114 Domini
1574 4043 1661 4138 quid
1684 4041 1908 4114 sentiendum
1932 4041 1995 4122 sit,
2019 4061 2095 4112 ma-

278 4159 370 4216 stom
401 4149 521 4220 edesse
546 4145 741 4236 Ecclesiae,
775 4167 809 4224 et
838 4175 911 4224 mse
943 4166 1046 4246 caput
1098 4143 1534 4218 niiestasnnttestimonia
1550 4145 1683 4236 primae
1699 4135 2095 4235 etpuriorisEcclesiae,

277 4248 398 4317 omnia
415 4248 455 4318 in
472 4251 640 4321 omnibus
656 4252 848 4344 perficiens.
1100 4269 1190 4340 qssae
1214 4243 1391 4336 ignoravit
1413 4267 1558 4336 prorsus
1584 4243 1663 4314 illas
1683 4243 1903 4336 prodigiosas
1923 4239 2095 4330 imagina-

1100 4347 1216 4419 tiones
1237 4345 1641 4430 transubstantiationis,
1673 4359 1706 4416 et
1729 4341 1862 4414 similes
1889 4342 2016 4412 locales
2038 4342 2096 4415 in-

1102 4447 1278 4520 clusiones
1299 4445 1457 4535 corporis
1479 4446 1518 4513 in
1544 4469 1643 4537 pane.
1707 4441 1780 4516 Nec
1802 4443 1907 4514 velirn
1930 4443 2096 4512 renovari

47 4569 122 4644 No,
140 4571 255 4650 5012·
880 4595 903 4658 h
933 4616 1013 4658 mo
1102 4572 1236 4620 morem
1264 4547 1375 4616 dandi
1405 4545 1601 4615 infantibus
1629 4541 1785 4616 Coenam
1814 4541 1981 4630 Domini,
2013 4544 2096 4636 quis

52 4667 235 4702 '⁰⁴⁸-
871 4639 1044 4716 εἶν-’.ι
1102 4649 1222 4722 Coena
1239 4643 1387 4718 Domini
1403 4648 1446 4716 ad
1461 4659 1599 4718 coetum
1615 4660 1647 4718 et
1670 4647 1922 4738 professionem
1940 4643 1978 4712 in
1995 4657 2098 4715 coetu

270 4761 368 4875 (¹²⁰
398 4763 623 4880 ΨΜ
650 4763 844 4887 ””1”””*·)
1103 4749 1377 4937 illitati,
1393 4741 1785 4937 liiizisszr‘itt‘d:
1798 4739 2096 4937 limittit

125 4933 196 4992 Ἢ·
214 4933 319 4995 efflu-
336 4938 381 4996 ¹¹¹·
400 4937 433 4996 Ρ·
447 4938 481 4996 ¹¹·
502 4955 532 5012 P·
549 4941 599 4996 ¹⁶⁰
609 4959 649 5016 ‘t-
1006 4980 1012 4989 ·
1103 4947 1234 5040 singuli
1259 4947 1465 5019 insensntur
1485 4944 1685 5034 Ecclesiae,
1715 4961 1749 5018 et
1768 4949 1950 5018 donentur
1972 4969 2097 5016 recon-

1105 5048 1295 5122 ciliatione.
1353 5047 1517 5120 Caeterss
1549 5049 1791 5120 cavillationes
1823 5048 1963 5119 omitto.
2014 5045 2097 5118 Non

1107 5150 1231 5222 vellem
1255 5149 1458 5220 conlsrrassi
1477 5146 1737 5238 Anabuptistss.
1794 5147 2097 5242 ldes'prudentis

1106 5275 1195 5342 opus
1209 5264 1278 5334 est,
1298 5249 1337 5318 in
1352 5245 1408 5320 bis
1423 5251 1481 5320 rel
1493 5251 1671 5335 sanandis,
1696 5252 1752 5320 vet
1767 5249 2011 5342 reprimendis.
2049 5243 2099 5320 Et

47 5321 152 5410 Non
167 5339 294 5430 ignoro
310 5341 526 5434 baptismum
541 5344 718 5416 inlautum
736 5345 844 5416 variis
856 5345 1053 5418 esvittssio·
1106 5353 1136 5422 si
1150 5351 1314 5424 loverise
1328 5351 1546 5442 intelligent,
1567 5352 1653 5421 dent
1674 5351 1941 5442 pertinaciores,
1963 5363 2000 5421 et
2016 5349 2099 5442 plu·

47 5439 168 5511 nibus
183 5443 349 5534 exagitari
363 5465 480 5536 posse:
502 5443 573 5518 sec
589 5447 701 5518 bonae
716 5461 751 5520 et
764 5447 842 5541 pise
856 5446 967 5518 rnenti
982 5447 1055 5518 sul·
1107 5475 1163 5526 res
1176 5453 1433 5543 amplectentur
1447 5475 1488 5522 ea
1499 5451 1639 5524 deliria.

1313 5549 1394 5628 ⁵6·

76 5085 144 5162 De
168 5089 352 5189 baptismo
374 5091 586 5195 insontum:
613 5103 645 5166 et
668 5123 720 5168 on
735 5095 935 5198 recipiendi
952 5097 1028 5170 sint

407 5192 705 5296 Anobuplisioe?
