4730 6202
106 325 216 406 που
691 323 1125 406 ne1sronannn
1175 323 1403 406 mnan.
1458 321 1591 400 asae.
1901 261 1907 270 ⁶
2066 323 2164 398 roro

317 487 504 570 Omnibus
522 492 670 568 Iectnn's
685 489 758 570 hos
776 493 908 570 literas
1166 493 1223 572 M
1227 491 1422 570 atthaeo
1448 485 1661 580 Collina,
1692 487 1955 567 sansadonia
1969 485 2164 588 Progensi.

561 599 600 676 S'
621 600 668 676 D'
1167 631 1218 722 S·
1243 645 1288 723 D.
1339 642 1528 720 Carissime
1549 647 1668 716 frater.
1718 641 1843 737 Nuper
1862 667 1942 716 cnm
1962 647 2163 732 fortealind

105 737 322 844 Utrumque
335 771 420 818 voce
436 747 557 818 divina
572 749 791 840 praedictum
807 761 870 836 est,
896 748 935 818 in
951 743 1017 818 hae
1032 749 1114 818 lan·
1166 771 1390 842 quaererem,
1413 750 1451 817 in
1468 743 1649 818 Plutarchi
1664 743 1851 818 Alcibiade
1866 769 1944 838 pag.
1963 747 2024 822 69.
2039 749 2162 819 inveni

104 851 223 944 guida
243 849 370 920 mundi
391 863 527 920 senecta
547 864 580 921 et
597 851 734 920 futuras
749 873 823 920 esse
839 851 990 920 maiores
1006 872 1109 940 gene·
1165 845 1250 920 haec
1274 853 1402 922 verba:
1436 843 1569 921 καὶτὰ
1598 844 1762 941 μυστικὰ
1792 843 2080 940 συμπλεκόντων
2112 847 2163 932 ὥς

103 955 164 1026 ris
185 948 334 1022 humani
355 951 599 1036 confusiones,
629 975 734 1044 quarn
759 953 902 1022 luerunt
925 965 1046 1033 antea,
1079 965 1113 1022 et
1165 947 1238 1023 ἀπὸ
1262 955 1351 1048 μιᾶς
1371 946 1429 1023 ἐπὶ
1449 953 1686 1048 νεωτερισμῷ
1711 944 1937 1044 συνομοσιᾶς
1951 949 2162 1050 πεπραγμέ-

104 1070 237 1128 umen
256 1050 390 1124 Filium
409 1051 478 1122 Dei
500 1053 730 1122 collecturum
753 1077 827 1124 esse
849 1065 1027 1124 aeternam
1042 1049 1113 1123 Ec·
1163 1077 1224 1125 να.
1283 1053 1392 1124 Venit
1414 1047 1504 1122 mihi
1531 1053 1569 1121 in
1598 1067 1752 1122 mentem
1777 1047 1864 1122 haec
1893 1051 2001 1123 verba
2031 1053 2161 1144 legenti

105 1157 277 1240 desiero,
311 1155 415 1226 etiam
436 1153 531 1224 inter
554 1153 784 1245 imperiorum
808 1154 949 1236 ruinas,
975 1167 1010 1224 et
1031 1154 1113 1247 qui·
1163 1155 1295 1245 figurae
1310 1150 1383 1227 ἀπὸ
1397 1159 1486 1245 μιᾶς
1500 1155 1594 1246 apud
1611 1151 1755 1228 Lucam.
1798 1151 1877 1223 Etsi
1892 1157 2009 1226 autem
2025 1148 2081 1223 his
2097 1155 2161 1224 ad-

105 1261 197 1330 dem
211 1257 250 1325 in
264 1256 309 1326 iis
322 1254 481 1348 populis,
513 1255 608 1325 inter
621 1279 710 1348 quos
726 1251 913 1346 Evangelii
928 1281 994 1326 vox
1010 1267 1113 1326 sonat
1162 1257 1277 1326 ditum
1303 1272 1354 1328 est
1370 1255 1648 1344 substantivum,
1680 1267 1800 1326 tamen
1816 1255 1851 1323 id
1868 1277 2009 1348 qnoque
2022 1257 2068 1324 ad
2084 1253 2159 1326 Lu-

104 1361 335 1449 incorrupta.
383 1354 461 1426 Hac
482 1378 548 1426 nos
570 1356 813 1427 consolatione
834 1381 917 1428 vera
938 1369 1112 1428 sustente-
1162 1381 1236 1427 cam
1254 1359 1429 1448 congruit.
1479 1353 1678 1452 Iacobns¹)
1695 1369 1905 1426 ornatusest
1921 1356 2064 1448 publico
2079 1379 2160 1446 gra·

102 1483 213 1546 mers3
252 1481 432 1550 speremus
454 1455 581 1542 etiam,
612 1453 791 1527 Ecclesiae
818 1453 971 1550 hospitia
991 1459 1110 1551 aliqua
1163 1459 1229 1528 dus
1244 1459 1459 1546 testimonio,
1484 1461 1578 1554 quod
1598 1459 1630 1526 ei
1645 1459 1798 1529 libenter
1810 1457 2000 1527 tribuimus
2015 1471 2180 1552 propter·

100 1563 233 1633 futura
262 1583 345 1633 esse.
411 1556 607 1628 Laudanda
635 1573 687 1630 est
710 1557 819 1649 igitur
841 1559 953 1630 virtus
976 1583 1112 1645 comam,
1161 1559 1272 1652 ipsius
1292 1563 1459 1631 virtutem
1479 1575 1513 1632 et
1530 1559 1778 1630 straditionem.
1830 1556 1938 1628 Mitto
1955 1581 2096 1629 cannen
2114 1561 2159 1629 de

103 1663 177 1758 qui
198 1663 381 1733 doctrinae
402 1659 518 1730 studia
539 1659 662 1730 colunt
679 1674 740 1730 aut
757 1661 938 1731 adiuvant.
990 1658 1111 1749 Quare
1161 1663 1428 1732 renunciatione
1443 1663 1647 1736 testimonii.
1681 1645 2160 1757 Orationem'deCapm'one

107 1779 148 1834 et
169 1753 466 1834 huncThomam
480 1753 775 1856 Herspoecht'nm,
800 1773 923 1831 natum
948 1762 986 1832 in
1006 1763 1110 1853 oppi-
1161 1763 1417 1859 mittamqnam
1435 1765 1589 1856 primum
1604 1777 1740 1856 potero.
1788 1759 2038 1832 Nuncenima
2055 1775 2159 1856 typo·
2193 1821 2201 1834 .

104 1867 159 1938 do
177 1858 331 1944 Gottha‚
362 1863 401 1933 in
415 1862 549 1933 familia
564 1858 730 1948 honesta,
757 1864 924 1933 omnibus
939 1864 1042 1933 bonis
1057 1862 1110 1931 vi·
1159 1861 1302 1956 graphia
1319 1868 1480 1935 nondum
1497 1867 1587 1934 edita
1603 1879 1687 1935 erat.
1739 1861 1963 1955 chrteoro,
1992 1873 2033 1933 nt
2055 1885 2158 1953 saepe

104 1969 164 2038 ris
180 1966 408 2046 commendo,
437 1964 519 2057 qui,
544 1987 623 2034 cum
641 1978 766 2036 natura
787 1964 1109 2054 ipsiussitdoctri-
1159 1967 1264 2036 nobis
1281 1967 1422 2036 scribas.
1457 1963 1535 2036 Etsi
1556 1967 1650 2036 enim
1666 1965 1704 2036 in
1717 1961 1875 2035 Ecclesia
1890 1965 2031 2035 coelesti
2045 1965 2157 2053 magis

106 2091 179 2139 nae
201 2065 303 2137 avida
327 2080 359 2136 et
381 2089 505 2156 capax,
539 2079 574 2136 et
594 2067 639 2134 ad
657 2065 824 2136 virtutem
843 2066 1010 2152 incitata,
1034 2079 1109 2136 stu·
1158 2069 1320 2138 sectemur
1334 2069 1486 2138 amicitia
1503 2083 1643 2152 nostra,
1669 2081 1786 2138 tamen
1800 2089 1897 2136 nunc
1913 2084 2065 2160 qnoque,
2089 2067 2157 2134 do·

108 2171 212 2240 diose
241 2167 366 2238 didicit
392 2166 539 2236 latinam
561 2180 594 2238 et
616 2189 773 2256 graecam
799 2167 976 2255 linguam,
1005 2167 1107 2239 initia
1158 2193 1223 2239 nec
1239 2191 1443 2260 possumus,
1466 2171 1722 2264 colloquamur,
1748 2169 1950 2259 praesertim
1967 2180 2155 2238 cum'nova

106 2263 365 2360 Philosophiae
383 2281 417 2338 et
430 2269 626 2339 doctrinam
643 2264 820 2338 Ecclesiae
839 2265 916 2341 Dei.
965 2263 1013 2338 Et
1029 2267 1108 2337 ani·
1158 2271 1260 2339 exilia
1277 2285 1507 2361 expectemus.
1541 2271 1618 2341 Scis
1632 2285 1750 2342 autem
1766 2271 1874 2339 illud:
1900 2261 1973 2362 ἡδύ
1986 2291 2029 2366 γε
2043 2261 2155 2364 φίλου

108 2371 165 2442 mi
191 2371 357 2463 pietatem
378 2363 523 2441 honesta
547 2393 686 2438 morum
709 2369 966 2462 gubernatione
988 2371 1107 2440 decla·
1157 2364 1266 2472 λόγος
1286 2367 1363 2442 ἐστὶ
1386 2369 1638 2464 λυπουμένοις.
1691 2371 1790 2442 Bene
1809 2372 1913 2468 vale„
1950 2368 2018 2441 Die
2043 2369 2153 2440 natali

108 2484 185 2557 rat,
215 2485 250 2542 et
272 2495 355 2541 vcra
378 2471 446 2542 Dei
467 2471 702 2545 invocatione.
761 2465 928 2562 Amplius
951 2471 1105 2542 triennio
1156 2473 1267 2546 Ducis
1282 2470 1450 2546 Iohannis
1468 2473 1640 2546 Friderici
1656 2471 1708 2572 ¹),
1736 2468 1847 2546 15⁵2.

106 2573 245 2646 audivit
260 2572 376 2642 virum
395 2570 656 2652 doctissimum,
674 2565 889 2642 Martinam
907 2567 1106 2643 Sidamari-

107 2697 220 2758 num,
242 2673 280 2742 in
296 2673 426 2770 inclyta
444 2670 633 2744 Academia
648 2669 874 2748 Erlocdiana.
925 2671 1051 2746 Postea
1065 2675 1104 2744 in

107 2773 298 2848 Academia
315 2787 433 2844 nostra
449 2775 601 2866 amplius
617 2798 712 2844 anno
728 2787 965 2846 commoratus
980 2777 1105 2848 didicit

107 2877 251 2950 exordia
272 2877 494 2946 dulcissimae
514 2878 696 2947 doctrinae
712 2879 756 2946 de
773 2877 928 2948 motibus
943 2879 1104 2949 coelesti·
1165 2871 1232 2944 No.
1245 2869 1361 2948 5141.
2044 2868 2153 2944 1.1n.

106 2983 195 3062 bus,
237 2991 271 3048 et
302 2979 458 3048 decrevit
487 2977 526 3046 in
562 2972 735 3048 inchoatis
769 2979 895 3050 studiis
919 2980 1102 3050 doctrinae
1160 2969 1374 3008 Μ
2021 2963 2151 2992 *⁸*

107 3075 330 3152 Christianae
353 3091 387 3149 et
409 3073 679 3171 Philosophicae
701 3079 931 3165 commorari,
968 3096 1002 3152 et
1024 3077 1101 3151 Deo
1184 3069 1452 3186 (Testimon.
1481 3070 1648 3158 Iacobo
1678 3071 1905 3160 Camenis.
1929 3067 2123 3181 datum.)

107 3183 263 3253 iuvando
292 3179 507 3272 reipublicae
521 3176 547 3275 ¹)
574 3179 714 3253 servire.
778 3177 845 3252 Est
868 3181 1016 3253 omnino
1039 3205 1101 3254 sua

106 3281 233 3377 cuique
246 3281 360 3352 virtus
373 3282 559 3374 praecipua
575 3283 845 3356 commendatio.
897 3281 1018 3372 Quare
1034 3277 1102 3354 ho-

105 3397 284 3456 nestorum
313 3396 349 3454 et
371 3385 585 3473 prudentum
610 3384 769 3454 virorum
793 3384 1038 3455 benevolentia
1067 3398 1102 3456 et
1151 3374 1428 3498 Testimonium'
1444 3419 1503 3496 Ph
1536 3421 1596 3496 M
1622 3420 1666 3496 de
1691 3420 1750 3496 M
1775 3419 1952 3495 Iacobo
1986 3414 2149 3495 Came·

106 3485 219 3557 officia
244 3479 327 3553 huic
350 3481 511 3554 Thomae
534 3509 606 3554 non
630 3487 799 3570 deerunt,
832 3485 895 3554 uhi
917 3485 1099 3575 ingenium
1506 3480 1516 3502 '
1570 3525 1700 3596 nim
1710 3473 1750 3596 οἰ

106 3588 199 3667 eins,
233 3586 348 3655 studia
371 3601 405 3656 et
427 3585 634 3657 modestiam
656 3587 968 3658 consideraverint.
1019 3583 1099 3660 Oro

103 3703 221 3760 autem
245 3685 377 3757 Filium
401 3687 488 3772 Dei,
514 3684 710 3758 Dominum
732 3702 894 3758 nostrum
912 3687 938 3758 l.
953 3685 994 3762 C.
1018 3713 1099 3760 cru-
1151 3662 1199 3751 S.
1222 3673 1270 3748 D.
1295 3676 1462 3746 omnibns
1484 3675 1628 3745 lecturis
1649 3669 1713 3746 has
1732 3675 1865 3748 literas.
1915 3671 2053 3745 Habuit
2068 3697 2148 3762 gra-

104 3790 243 3861 eibxum
260 3811 323 3878 pro
340 3789 444 3857 nobis
459 3803 493 3860 et
507 3789 750 3861 resuscitatum
761 3786 804 3882 ²),
830 3803 870 3860 ut
885 3783 980 3859 hunc
997 3785 1099 3860 Tho.
1149 3803 1210 3850 ves
1231 3800 1351 3848 mersas
1369 3779 1585 3848 reverendus
1598 3777 1675 3862 vir,
1699 3773 1876 3848 Dominus
1893 3771 2054 3844 Iacobus
2068 3763 2148 3845 Cn-

104 3915 197 3961 mam
220 3903 333 3958 servet
353 3890 566 3960 incolumem
582 3903 615 3960 et
631 3891 822 3981 gubernet,
847 3903 883 3959 et
897 3888 1000 3961 faciat
1017 3913 1096 3960 eum
1148 3877 1353 3950 11181111111113
1385 3875 1572 3964 11θῖ1111111,
1613 3879 1676 3973 (1111
1716 3893 1835 3972 1115101
1866 3878 1936 3948 11111
1967 3875 2147 3948 Ecclesiae

105 3995 233 4070 σκεῦος
266 3986 386 4073 ἐλέους
413 4005 449 4062 ct
476 4013 647 4082 organum
676 3991 828 4063 salutare
857 3989 1035 4062 Ecclesiae
1064 4005 1099 4064 et
1149 3979 1346 4060 senensis,
1388 3995 1532 4072 propter
1567 4003 1654 4074 quas
1687 3980 1928 4050 testimonium
1962 3979 2144 4070 publicum

103 4091 349 4167 snaeanimae.
383 4091 479 4162 Bene
496 4093 592 4183 vale,
617 4091 778 4166 Candide
794 4089 931 4166 Lector.
966 4089 1099 4164 Datum
1149 4083 1330 4156 doctrinae
1350 4083 1484 4172 petivit.
1536 4078 1627 4154 Cum
1650 4083 1745 4152 enim
1772 4081 1915 4174 quidam
1940 4079 2052 4172 ipsius
2072 4079 2145 4152 ini.

105 4191 174 4266 An.
191 4191 310 4267 '1552
335 4197 393 4265 die
420 4192 514 4266 lunii
540 4195 601 4272 30.
622 4219 692 4289 quo
719 4209 799 4266 ante
824 4219 937 4264 annos
962 4192 1012 4266 19
1033 4219 1098 4264 na·
1148 4186 1231 4256 1111ῦὶ
1253 4185 1468 4270 doctrinam,
1500 4181 2057 4278 11111111111111111111111111011111»
2084 4204 2143 4250 111·

103 4311 160 4367 tos
183 4309 234 4365 est
255 4293 424 4390 Princeps
446 4297 619 4388 optimus,
647 4295 728 4368 Dux
750 4290 943 4368 Iohannes
961 4289 1099 4366 Frin-
1148 4285 1314 4358 lumniati
1336 4285 1427 4370 sint,
1452 4283 1616 4374 cognosci
1636 4307 1746 4361 cama
1763 4297 1837 4357 toto
1855 4281 2003 4372 collegio
2020 4293 2142 4352 nostro

104 4395 216 4482 ricus,
241 4420 346 4492 quem
362 4413 401 4472 ut
417 4395 513 4469 Deus
528 4413 687 4490 protegat
700 4423 894 4490 precamur.
1147 4389 1279 4478 voluit,
1304 4400 1340 4458 et
1354 4387 1525 4458 iudicium
1542 4398 1702 4456 nostrum
1720 4384 1854 4459 audire.
1904 4381 2027 4476 ltaque
2043 4395 2142 4474 post·

1221 3251 1245 3322 †
1266 3249 1303 3306 Es
1317 3269 1414 3324 apogr.
1426 3249 1454 3305 in
1468 3251 1531 3308 eod.
1540 3251 1628 3308 Paris.
1646 3251 1683 3307 D.
1696 3251 1728 3308 L.
1741 3251 1804 3308 ⁵4⁴.

581 4495 770 4592 Philippus
788 4493 1045 4570 Melanchthon
1147 4515 1254 4586 qoam
1275 4500 1359 4560 'eum
1382 4487 1570 4578 diligenter
1592 4486 1792 4560 audivimus
1809 4487 1853 4556 de
1870 4485 2038 4556 omnibus
2055 4483 2142 4553 arti-

669 4623 778 4672 mann
799 4593 954 4696 propiis.
1146 4593 1236 4666 culis
1259 4589 1441 4662 doctrinae
1469 4581 1698 4674 christianae,
1736 4587 1893 4666 affirmo,
1937 4610 2018 4656 eum
2047 4599 2140 4656 recte

1146 4693 1277 4766 sentire
1295 4703 1328 4760 et
1350 4687 1514 4781 amplecti
1530 4713 1739 4758 consensum
1756 4683 1948 4762 catholicae
1962 4681 2140 4756 Ecclesiae

1146 4794 1230 4878 Dei,
1255 4815 1359 4887 quem
1374 4805 1408 4862 et
1423 4813 1488 4860 nos
1504 4814 1576 4860 uno
1590 4789 1717 4880 spiritu
1735 4803 1769 4860 et
1786 4813 1856 4860 nna
1873 4813 1957 4857 voce
1974 4811 2053 4858 cum
2069 4781 2140 4856 Ec-

26 4995 29 5048 ,
97 4935 293 5018 Nostro,
821 4918 824 4928 '
956 4943 1094 5018 mum
1144 4895 1247 4967 clesia
1265 4883 1435 4964 catholica
1450 4889 1517 4962 Dei
1531 4895 1752 4985 profitemur,
1777 4887 1955 4963 etalalsis
1969 4903 2003 4992 et
2016 4911 2140 4984 super.

952 5035 1091 5066 Μ

377 5130 380 5138 ’
454 5105 523 5194 Μ·
549 5101 740 5194 0⁰11an-
783 5140 804 5220 ,¹
884 5197 889 5208 ,
1178 5145 1206 5212 ι)
1223 5143 1345 5226 ason
1356 5143 1575 5226 capenam,
1597 5137 1958 5224 eonscaspsnssno,
1981 5135 2136 5220 tisanana·

164 5259 390 5335 anno-u
403 5263 465 5322 ..a
478 5263 563 5322 aa..
580 5263 657 5323 nn
673 5263 735 5324 ⁵⁴·-
821 5232 826 5253 '
1041 5252 1046 5262 '
1211 5218 1311 5364 lissi?
1333 5203 2137 5360 tetta:,¹'tz'tttttttttttttsttt':.t;{ligat}

26 5365 27 5402 ³
109 5357 412 5477 Mna
428 5415 575 5471 aa...
1208 5344 2135 5488 eaenctalazatt⁰t.1⁰.at·ct:⁰t¹l¹alatne*

126 5495 153 5564 2)
174 5501 201 5548 et
217 5497 428 5563 resmcttecum]
447 5517 504 5552 oon
517 5499 600 5554 edidit
614 5497 725 5574 Bergec.
1174 5501 1203 5572 2)
1225 5499 1283 5556 nati
1305 5499 1333 5556 d.
1352 5502 1395 5556 80.
1415 5497 1476 5553 lun.
1497 5497 1571 5555 teos.
