4680 6220
201 309 287 388 147.
615 327 626 344 ’
737 305 1196 388 ,ΕΡῙὸΤΟῙιΑΒῦΜ
1246 305 1354 382 LIB.
1383 303 1448 380 xl.
1501 301 1632 379 1648.
2181 302 2247 380 148

200 481 270 556 No.
284 477 400 556 4³62.
434 541 438 552 .
528 525 532 534 ·
915 491 918 496 '
1046 484 1204 568 18.Sptb.
1256 477 1384 549 cellere
1405 477 1654 567 intelligimus,
1695 490 1738 562 et¹
1752 477 1907 550 libenter
1930 450 2193 569 praedicamus,
2216 491 2248 548 te

211 575 386 638 ’Ν
751 635 760 654 .
1025 577 1198 648 ’.Ν
1255 579 1404 674 plurimi
1418 580 1512 653 facit.
1563 576 1799 670 Depericnlis
1815 579 2063 650 communibus
2077 601 2150 649 non
2167 579 2249 650 libet

547 631 596 721 G·
627 629 849 744 Aqmlac.
1257 681 1420 770 scrihere.
1472 679 1543 752 Sed
1551 704 1631 750 cum
1645 679 1818 772 prodierit
1832 680 1922 751 liber
1936 683 2006 752 τοῦ
2019 672 2173 764 κόλακος
2186 681 2249 752 τοῦ

273 791 354 862 elix
368 805 465 864 apogr.
478 790 507 846 in
520 787 585 848 cod.
598 789 685 848 Paris.
696 787 734 847 Ι).
747 788 779 848 l..
791 789 852 847 54³.
1178 868 1185 874 ,
1256 777 1465 880 μαργίτου,
1492 782 1670 851 discedam
1693 781 1832 876 aliquo,
1857 781 1923 852 ubi
1943 781 2173 852 necessariam
2191 785 2251 852 de-

1260 883 1457 954 fensionem
1473 885 1576 954 edere
1590 895 1732 975 potero,
1756 883 1900 952 nisime
1921 879 2023 976 prins
2043 883 2134 954 alius
2156 908 2251 954 casus

1258 985 1480 1078 oppresserit.
1531 981 1671 1056 Recens
1685 985 1780 1054 enim
1795 979 1815 1057 ὃ
1831 977 2075 1084 yvnulssoc‘)
2092 1001 2253 1077 expostu-

839 1173 843 1180 ,
1258 1087 1346 1157 lavit
1362 1090 1405 1157 de
1422 1101 1543 1158 nostra
1551 1085 1808 1157 deliberatione
1822 1111 1903 1156 cnm
1922 1085 1985 1172 iis,
2001 1087 2063 1180 qui
2079 1110 2174 1156 nunc
2189 1113 2255 1158 no-

208 1169 258 1260 S.
282 1183 328 1258 D.
377 1185 589 1260 Reverende
604 1185 661 1258 vir
676 1188 833 1260 etamice
849 1185 1038 1262 carissime.
1090 1185 1206 1258 Iude-
1258 1189 1314 1263 bis
1338 1189 1526 1280 imperant.
1578 1181 1656 1257 Oro
1682 1202 1799 1258 autem
1821 1184 1939 1259 Deum
1959 1201 2162 1274 aeternnm,
2192 1213 2255 1280 pa-

207 1287 438 1375 liberatione,
471 1313 560 1384 quae
581 1303 694 1375 extat,
725 1289 894 1381 elegimus
912 1289 1081 1362 articulos
1103 1314 1206 1382 prae-
1258 1303 1349 1360 trem
1368 1289 1517 1362 Domini
1541 1287 1656 1362 nostri
1675 1285 1757 1360 Iesu
1771 1283 1926 1376 Christi,
1949 1304 1992 1361 ut
2005 1303 2119 1360 servet
2142 1303 2174 1361 et
2189 1313 2254 1380 gn·

209 1390 352 1483 cipnos,
392 1414 482 1486 quos
505 1405 539 1462 et
562 1389 715 1482 intelligi
738 1405 772 1462 et
795 1392 938 1461 delendi
967 1393 1013 1462 ab
1038 1392 1205 1462 omnibus
1258 1393 1384 1462 bernet
1397 1389 1575 1462 Ecclesiae
1590 1413 1694 1460 verae
1711 1391 1892 1487 reliquias.
1942 1389 2040 1464 Bene
2056 1403 2091 1462 et
2106 1391 2256 1464 feliciter

209 1507 360 1584 oportet.
392 1485 470 1564 Hos
483 1506 524 1563 nt
533 1495 859 1564 commendaremus
876 1493 932 1578 iis,
954 1491 999 1563 ad
1013 1517 1102 1586 quos
1119 1494 1206 1562 scri·
1259 1493 1348 1568 vale.
1399 1491 1455 1563 14.
1470 1489 1546 1564 Cal.
1564 1485 1696 1565 Octob.

210 1595 400 1679 bebamns,
424 1595 642 1664 seiunximns
658 1595 746 1664 alios
763 1595 1002 1680 obscuriores,
1022 1595 1206 1688 inquibus
1362 1591 1550 1667 Victorino
1566 1591 1717 1666 salutem
1733 1605 1830 1686 opto.

210 1695 350 1786 politici
372 1697 546 1787 sapientes
568 1699 688 1778 dicant
711 1719 777 1764 nos
792 1721 867 1766 non
883 1696 1077 1766 necessaria
1094 1711 1206 1766 certa·
1775 1690 1966 1789 Philippus
1983 1690 2207 1770 Melantbon.

209 1797 308 1866 mina
323 1821 475 1872 movere.
526 1794 714 1892 l’ropriam
734 1797 842 1888 igitur
867 1797 1123 1868 confessionem
1137 1822 1206 1867 no·
1455 1814 1457 1822 ’

210 1897 267 1968 bis
295 1911 329 1968 et
349 1896 428 1968 aliis
449 1898 624 1988 integram
647 1899 803 1981 servavi,
829 1900 954 1992 inqua
976 1901 1020 1970 de
1041 1899 1206 1994 pluribus

210 1999 367 2070 materiis
380 1999 570 2070 dicendum
589 2000 668 2072 erit.
720 1998 794 2070 Nec
814 2001 959 2086 dubito,
984 2001 1069 2072 satis
1083 2001 1206 2092 dispu-
1257 2039 1332 2112 Nol
1343 2036 1443 2110 4364

210 2101 386 2172 tationum
409 2101 567 2172 movebit
581 2095 816 2190 Antagonista
840 2114 960 2172 noster
969 2095 1026 2198 ‘),
1051 2102 1116 2196 qui
1135 2103 1206 2172 iam
1265 2089 1456 2166 ...ω’

199 2202 344 2318 ἸίΙπιιπι
364 2215 487 2310 cpntra
502 2197 683 2320 Aquilam
698 2216 732 2272 et
748 2197 945 2289 Milouem,
971 2200 1039 2300 (sic
1064 2228 1121 2274 me
1144 2229 1207 2293 ap·
1412 2203 1559 2327 Pflug
1592 2208 1659 2294 ad
1694 2205 1862 2321 Georg,
1898 2203 2096 2294 Anhalt.

211 2305 356 2397 pellat),
386 2305 489 2371 eslere
511 2303 651 2373 dreitur.
710 2302 851 2394 Quaeso
874 2319 927 2388 te,
954 2320 995 2376 ut
1020 2299 1206 2376 Adamnm
1561 2334 1609 2408 et
1637 2324 1704 2408 ad
1731 2322 1959 2406 Melanth,

209 2403 391 2472 Pastorem
410 2399 586 2474 Ecclesiae
608 2407 708 2484 volris
723 2405 858 2475 vicinae
879 2400 1053 2491 horteris,
1076 2421 1116 2478 ut
1139 2408 1207 2475 mi-

233 939 451 1049 Casporo
473 945 697 1050 Aquilae,
721 944 877 1021 Pastori
901 945 1091 1022 Ecclesiae
1114 945 1195 1020 Dei

491 1051 531 1122 in
546 1047 694 1162 *oppido
717 1047 936 1133 richeldis.-

2098 2042 2261 2166 eu.-

1329 2479 1623 2624 Edppaqpnplpetnannt
1637 2477 1753 2553 sessus
1766 2475 2020 2553 tetflirsseatpuut
2027 2479 2149 2553 liupolt,
2166 2479 2199 2538 Ρ.
2212 2483 2265 2540 vt.

213 2529 310 2576 serae
333 2504 475 2575 mulieri
496 2508 591 2598 apud
612 2529 679 2575 nos
701 2507 818 2579 solvat
839 2509 938 2602 quod
961 2508 995 2578 ei
1018 2511 1139 2594 debet;
1174 2523 1208 2579 et

157 2665 160 2676 .
212 2607 393 2698 promisit,
416 2619 455 2676 ut
470 2607 672 2678 meminisse
689 2621 721 2678 te
736 2633 878 2702 qnoque
892 2623 990 2702 puto.
1042 2611 1135 2683 Satis
1149 2613 1208 2680 ln-

214 2709 325 2780 tiliter
339 2709 429 2796 agit,
454 2709 482 2776 si
498 2734 573 2780 non
589 2709 705 2782 solvit.
756 2707 854 2782 Bene
868 2711 957 2786 vale.
988 2709 1044 2788 14.
1059 2709 1206 2786 Calend.
1263 2701 1462 2800 (Epislola
1489 2699 1620 2776 Iulii
1642 2697 1682 2774 P
1678 2703 1715 2804 s
1718 2699 1736 2774 l
1742 2729 1822 2800 ug.
1839 2700 2024 2804 Episcopi
2034 2699 2263 2778 Naumbur-

213 2805 345 2885 Octob.
365 2804 475 2882 1548.
1258 2805 1384 2904 gensis
1408 2803 1464 2877 ad
1488 2801 1742 2901 Georgium
1770 2801 1978 2906 Principem
2003 2801 2264 2880 Anhallinum

959 2911 1159 3010 Philippus.
1418 2917 1450 2980 el
1475 2903 1685 3008 Philipp.
1711 2903 1772 2978 M
1775 2903 2102 3002 clausionem.)

1413 3046 1622 3132 (Responsum
1636 3045 1782 3112 lllelentlr.
1799 3049 1860 3112 rid.
1876 3049 1906 3112 d.
1926 3054 1982 3120 15.
1996 3047 2086 3130 Oot.)

1262 3161 1476 3244 Reverendo
1497 3185 1534 3244 'et
1554 3173 1707 3244 Illustris
1732 3171 1898 3248 Domine.
1923 3174 1961 3246 S.
2011 3174 2119 3265 Quod
2142 3199 2267 3267 nuper

230 3293 299 3369 No·
313 3293 427 3366 4553.
1044 3307 1102 3372 13·
1119 3301 1208 3386 Sprb.
1262 3273 1356 3344 inter
1376 3299 1443 3345 nos
1467 3289 1582 3346 actum
1606 3289 1658 3346 est
1671 3268 1874 3368 Pegasioe,
1899 3289 1941 3348 ut
1961 3299 2038 3362 eos,
2064 3279 2185 3371 quide
2201 3301 2266 3346 sa-

220 3391 434 3430 w
768 3373 775 3390 ⁸
1031 3391 1206 3426 ww
1262 3375 1393 3446 criticio
1417 3377 1541 3446 missae
1564 3377 1722 3448 resident
1742 3377 1917 3468 scrupuli,
1943 3378 2193 3462 evelleremus,
2223 3377 2267 3446 id

561 3461 628 3574 It).
658 3459 873 3574 Sllgelt'o.
1262 3490 1361 3548 tanto
1386 3479 1535 3570 probavi
1558 3479 1687 3568 magis,
1713 3493 1847 3572 qsranto
1862 3475 2107 3549 vehementius
2129 3483 2173 3548 ad
2191 3503 2263 3569 pa-

269 3610 348 3670 nffl
361 3635 423 3688 epp.
438 3613 472 3671 ,d
482 3615 576 3689 δύω.
590 3635 635 3690 ψ.
648 3619 694 3676 41.
707 3617 870 3674 σωθῶ,
886 3617 947 3674 188:
959 3635 1002 3692 ‘t’-
1017 3619 1075 3676 10⁷.
1226 3593 1229 3598 '
1262 3603 1336 3648 cem
1352 3575 1523 3650 Ecclesiis
1544 3581 1804 3650 conciliandam
1830 3581 2006 3672 pertinere
2029 3581 2263 3654 videbantur.

910 3745 918 3756 .
1261 3677 1373 3751 Cuius
1388 3703 1452 3771 ego
1468 3681 1660 3774 cupiditate
1675 3705 1757 3752 cum
1772 3684 1932 3751 arderem
1947 3681 2175 3765 mirabiliter,
2203 3694 2267 3752 et-

216 3763 567 3856 Clarrissimoviro,
581 3769 783 3844 eruditione
798 3782 830 3844 et
847 3771 976 3846 virtute
989 3779 1209 3871 praeslonli,
1260 3781 1292 3852 si
1315 3805 1372 3854 me
1397 3805 1472 3852 non
1495 3783 1580 3855 satis
1600 3797 1721 3874 aptum
1744 3805 1817 3872 esse
1830 3783 1971 3873 negotio
1987 3797 2086 3855 tanto
2102 3783 2267 3854 arbitra·

241 3869 298 3950 D.
323 3871 349 3944 1
358 3875 503 3944 oanni
524 3871 555 3945 S
562 3872 682 3970 ligel
688 3876 749 3958 io,
780 3872 866 3947 Deo
886 3887 919 3948 et
937 3871 1072 3950 Musis
1097 3903 1185 3952 caro
1261 3884 1343 3965 bar,
1369 3886 1544 3954 malebam
1559 3899 1678 3956 tamen
1692 3885 1915 3976 suscipiendo
1931 3887 2054 3954 eodem
2070 3885 2184 3954 facere
2204 3897 2266 3954 te-

351 3972 416 4048 καὶ
429 3969 722 4074 ellexprvenroitcp
734 3973 834 4075 φίλῳ
847 3985 944 4074 pori,
977 3981 1015 4057 S.
1029 3978 1075 4057 D.
1260 4009 1367 4071 mere,
1394 4011 1499 4079 quam
1516 4009 1590 4056 non
1603 3987 1736 4070 conari,
1760 3987 1788 4054 si
1806 4011 1878 4080 quo
1895 3987 2002 4055 modo
2018 3987 2056 4056 in
2069 3999 2114 4056 'ea
2129 4011 2168 4056 re
2181 3983 2265 4056 Ec-

216 4107 279 4192 Εο
304 4121 475 4194 libentius
496 4123 578 4194 dedi
598 4113 943 4212 pste'133Jffaroeppo²
964 4143 1005 4204 ut
1027 4131 1072 4202 ad
1099 4143 1134 4204 te
1154 4132 1209 4201 vi·
1261 4087 1378 4158 clesiis
1406 4089 1537 4158 nostris
1564 4087 1808 4162 laborantibus
1836 4088 1975 4157 consuli
1998 4101 2122 4179 posset.
2181 4085 2267 4158 lta-

215 4222 334 4294 cissim
355 4219 447 4294 mibi
469 4226 652 4315 epistolam
680 4229 826 4300 adferat.
883 4226 963 4302 Etsi
994 4234 1089 4302 enim
1123 4229 1210 4306 haec
1262 4213 1347 4307 ‘ini’
1379 4202 1565 4307 99⁵¹q⁰³¹¹¹
1586 4189 1867 4272 ‘'mum“dfi’
1899 4212 2005 4283 quam
2028 4189 2185 4280 Primum
2211 4189 2265 4258 ¹5*

217 4325 414 4396 amicorum
428 4328 605 4422 colloquia
621 4353 696 4400 non
715 4333 903 4402 medentur
923 4335 1077 4425 publicis
1102 4337 1209 4407 mise-
1261 4305 1345 4376 Μ’
1365 4292 1480 4409 eripui
1499 4291 1683 4380 eneg⁰ffi⁵
1698 4287 1876 4360 Eccl⁰⁸i³e
1891 4315 1931 4360 π
1943 4289 2046 4362 Μὴ
2061 4313 2158 4360 meae
2171 4304 2265 4360 Μ’

216 4425 298 4512 riis;
333 4440 450 4497 tamen
473 4425 635 4500 homines
658 4447 751 4503 recte
774 4433 980 4522 sentientes,
1012 4451 1046 4508 et
1067 4439 1208 4509 foedere
1261 4403 1336 4512 timi
1353 4415 1442 4476 Μ’
1467 4408 1640 4486 (sumum
1660 4405 1779 4484 Μὴ
1803 4407 1844 4464 ui
1866 4415 2006 4476 αἰψ’
2031 4387 2265 4462 enimba—

216 4531 371 4624 quodam
394 4531 595 4602 studiorum
615 4535 841 4616 comunem,
885 4539 1090 4634 ubicunque
1112 4554 1208 4628 sunt,
1259 4508 1359 4563 nstra
1374 4517 1448 4564 non
1463 4493 1578 4564 solum
1593 4493 1801 4563 alimentum
1814 4493 1861 4564 sit
1883 4493 2082 4562 animarum
2099 4493 2266 4578 salubre,

216 4630 322 4700 ,fiam
344 4633 382 4700 in
409 4631 525 4702 minis
548 4633 797 4724 imperiorum,
823 4639 914 4710 tueri
937 4662 1037 4710 suam
1057 4641 1208 4712 confim-
1259 4609 1312 4664 sct
1326 4595 1432 4665 etiarn
1445 4593 1593 4679 oblatio,
1608 4607 1881 4686 eaqneexterna,
1898 4595 2263 4685 investigaremquas

213 4729 366 4801 ctionem
384 4735 499 4804 decet:
526 4739 621 4828 quod
636 4739 780 4830 quidem
796 4753 830 4811 ct
846 4741 891 4809 ad
908 4741 1128 4812 retinendam
1136 4739 1208 4814 Ec.
1260 4719 1335 4814 npn
1347 4695 1596 4786 ignorantibus
1613 4695 1757 4788 quidem
1778 4695 1844 4766 tibi
1860 4707 1966 4791 atque
1981 4685 2261 4766 Ilffelanrluho-

214 4832 339 4902 clesiae
351 4837 749 4928 concordiamprodest,
773 4841 874 4912 cuius
890 4841 1054 4936 inprimis
1071 4840 1206 4916 haben·
1259 4821 1300 4866 ω
1329 4797 1453 4880 mitw’
1504 4799 1565 4868 ⁵⁰d
1593 4809 1634 4866 ω
1658 4797 1764 4866 fidem
1796 4809 1916 4866 tamen
1942 4819 2058 4866 mem
2087 4797 2260 4884 liberem,

213 4935 441 5010 daestrffio,
491 4935 576 5008 pri
595 4939 944 5033 pgpmrgrafiasago’
969 4947 1064 5038 quod
1083 4945 1205 5018 multis
1257 4911 1291 4970 ct
1314 4923 1518 4993 quanquam
1533 4921 1622 4992 quae
1636 4897 1738 4969 mitto
1753 4897 1926 4991 simplicia
1954 4909 2055 4982 suut,
2090 4899 2187 4970 nuda
2217 4911 2258 4970 et

212 5035 338 5105 officiis
359 5049 454 5107 tuam
475 5038 514 5111 iu
537 5041 688 5111 amicitia
714 5046 946 5116 constantiam
963 5047 1066 5117 nobis
1084 5043 1203 5119 hacte-
1255 5001 1403 5112 'omnim‘
1424 5013 1565 5086 mnam’
1594 5013 1714 5072 tamen
1734 5024 1815 5070 ⁰⁰¹³
1838 4999 2033 5070 emmim
2057 5021 2078 5089 ⁸.
2101 4998 2258 5074 leiim*

1253 5147 1461 5165 m

210 5159 280 5207 1¹⁰⁸
296 5138 491 5214 deeiffl'ffli·
540 5137 945 5218 Marcellumamffliir
960 5147 1120 5238 ‘ulpia‘
1130 5147 1204 5243 ‘lui’
1284 5202 1314 5270 θ)
1333 5200 1412 5273 coep.
1431 5201 1537 5284 Aquila.
1578 5199 1640 5255 Filii
1660 5198 1796 5273 Principis
1817 5198 1950 5255 lileetorie
1968 5196 2078 5254 loannis
2097 5195 2256 5268 Friderici,

208 5261 290 5309 cum
305 5263 379 5310 non
396 5241 533 5314 alienus
547 5245 592 5316 811
606 5247 652 5316 ab
667 5247 712 5316 iit
726 5247 875 5336 siudiit,
899 5248 938 5319 in
952 5249 1083 5344 quibus
1094 5261 1130 5322 le
1142 5274 1203 5322 ex·
1318 5277 1377 5323 tum
1396 5279 1509 5344 ceptus,
1526 5279 1759 5342 congregaverant
1778 5287 1872 5323 mense
1891 5267 1943 5324 lul.
1965 5266 2109 5340 theologos
2120 5281 2205 5334 suos,
2225 5277 2258 5323 et

965 5356 968 5362 ’
1316 5337 1447 5393 iudicium
1466 5338 1500 5392 de
1520 5337 1591 5392 libro
1606 5337 1733 5406 luerim,
1751 5337 1784 5392 ab
1797 5335 1895 5408 Aquila
1908 5333 2081 5407 potissimum
2102 5336 2256 5408 composi·

1316 5415 1391 5474 tum,
1412 5417 1437 5461 et
1457 5407 1688 5460 vehementissime
1704 5405 1756 5460 seri
1778 5414 1834 5458 tom
1846 5403 1918 5460 Dres
1930 5403 1990 5458 dem
2003 5405 2143 5462 miserant.
2181 5405 2254 5464 vtd.

241 5465 271 5532 *l
287 5466 409 5538 intellige
421 5469 465 5527 Io.
477 5471 639 5541 Agricolam
655 5471 800 5530 Islelium.
1314 5473 1437 5532 Plenclrli
1456 5473 1544 5545 Delli).
1556 5480 1601 5534 bel
1611 5481 1681 5548 proi.
1693 5474 1757 5548 debr
1775 5487 1828 5547 egr.
1845 5473 1879 5534 T.
1891 5473 1940 5534 lV.
1958 5493 1987 5549 p.
1999 5475 2059 5534 152.
