4734 6214
104 281 169 360 tot

125 445 330 550 Georgia
355 441 705 626 Buchlsplzerp,
726 451 938 550 praeposito
956 445 1074 526 Bero-

549 575 679 630 tumst.

111 693 312 779 Reserate
327 704 407 792 vir,
425 704 588 790 ¹etaruice
603 699 823 778 charissime:
858 706 1009 780 Prorsus
1024 732 1098 779 non

118 807 192 876 aliud
205 808 415 898 respucrdeo
426 807 474 879 ad
493 820 563 878 tam
577 821 732 880 atrocem
750 808 1033 883 criminationem
1043 803 1099 905 *),

114 911 217 1002 deque
234 908 367 982 audivi
384 909 490 994 etiam
513 924 597 980 ante
613 933 719 1004 quam
736 910 804 1000 legi
820 925 952 984 vestras
968 913 1099 1000 literas,

108 1011 161 1080 oiri
173 1005 243 1082 hoc
258 1012 361 1104 quod
376 1005 634 1086 Demosthenes
650 1012 754 1084 dicit:
780 1011 821 1082 si
837 1037 901 1084 vos
917 1013 997 1105 ipsi,
1017 1015 1098 1108 qoi-

103 1111 158 1182 bos
174 1135 259 1184 mea
282 1112 358 1184 vita
381 1125 468 1182 nota
493 1126 563 1200 ¹est,
588 1113 694 1186 talem
715 1136 862 1186 measse
882 1115 1098 1204 existimatis,

101 1215 232 1308 qualem
250 1239 313 1284 me
330 1235 406 1286 esse
422 1214 658 1286 calumniator
675 1215 854 1301 describit,
878 1219 978 1290 nulla
994 1242 1097 1310 pror-

98 1337 147 1386 sus
162 1315 381 1388 defensione
395 1329 488 1405 utar,
538 1315 609 1390 Sed
632 1319 790 1408 protecto
810 1319 907 1388 unde
930 1319 977 1392 sit
998 1332 1095 1390 tauta

98 1419 268 1490 acerbitas
292 1419 389 1498 odii,
414 1441 459 1486 ne
477 1417 621 1510 quidem
637 1418 808 1510 suspicari
830 1442 990 1510 possum,
1014 1446 1095 1490 cum

98 1521 287 1592 mediocria
303 1519 438 1590 luerint
452 1542 623 1612 mea-erga
636 1521 754 1612 ipsum
770 1519 902 1592 officia:
927 1537 961 1594 et
976 1523 1015 1590 in
1030 1518 1096 1594 hac

96 1619 159 1714 ipsa
185 1621 454 1692 deliberatione
474 1623 732 1692 modestissime
761 1619 1014 1710 indicaverim,
1037 1649 1096 1698 me

94 1736 231 1816 optare,
260 1737 304 1794 ut
319 1719 499 1794 Ecclesiae
512 1718 640 1794 harum
656 1723 841 1814 regionum
860 1749 935 1796 non
950 1727 1096 1798 turben-

94 1837 153 1898 tur.
209 1823 354 1896 Multas
370 1824 479 1896 etiam
493 1823 750 1916 disputationes
763 1827 962 1898 condonavi
976 1829 1096 1920 publi-

94 1951 144 2000 cae
156 1928 257 2021 paei.
305 1923 379 2000 Sed
392 1949 491 1998 nunc
506 1950 580 1998 non
598 1927 757 2020 disputo:
784 1939 924 2000 tantum
937 1931 982 1998 ad
999 1930 1095 2000 iudi-

94 2029 138 2100 cia
159 2031 315 2122 piorum
338 2028 616 2100 etemditorum
640 2031 735 2122 apud
757 2053 821 2101 vos
843 2044 879 2102 et
899 2031 986 2102 alibi
1009 2055 1095 2124 pro-

95 2155 187 2204 voco.
244 2127 363 2200 Video
387 2130 565 2225 principes
588 2131 680 2202 velle
701 2145 834 2202 certum
858 2145 986 2204 statum
1008 2158 1095 2204 con-

97 2235 261 2318 stituere,
293 2229 559 2322 neeimpedio:
592 2231 707 2325 quisi
729 2247 856 2324 putant
882 2259 939 2306 me
964 2235 1094 2326 tollen-

98 2337 193 2420 dum,
220 2345 287 2404 aut
305 2332 592 2404 interficiendum
611 2357 703 2420 esse,
730 2349 771 2404 ut
789 2336 862 2404 scio
880 2337 924 2406 de
946 2360 1004 2408 me
1024 2337 1094 2406 tol-

100 2437 195 2510 lendo
212 2436 327 2508 luisse
341 2455 538 2506 sermones:
564 2436 692 2522 feram,
709 2432 786 2507 Deo
801 2437 965 2518 iuvante,
990 2438 1094 2532 quic-

101 2541 176 2632 quid
201 2537 356 2610 accidet.
416 2533 485 2608 Sed
514 2531 604 2606 mihi
635 2561 709 2608 nou
739 2539 874 2613 deesset
902 2540 1093 2610 consilium

10 2709 13 2742 ,
103 2639 273 2710 relutaudi
306 2635 612 2719 criminationem,
645 2639 675 2708 si
703 2663 778 2709 non
802 2663 982 2736 parcerem
1006 2638 1094 2714 llei-

110 2743 267 2828 publicae.
323 2733 426 2810 Nihil
452 2739 634 2825 seditiose,
664 2736 759 2810 nihil
783 2741 1014 2828 immoderate
1042 2745 1093 2812 la·

688 271 1127 358 uetsrotauuu
1176 281 1372 368 muxt.
1420 283 1558 370 1648.

2075 299 2150 378 102

1153 453 1352 586 Q.

1472 643 1570 732 Nic.
1602 646 1828 739 Mcdlero.

1219 819 1297 876 Edita
1312 815 1434 894 primum
1452 841 1467 876 a
1486 821 1641 878 llummelio
1660 826 1686 880 in
1706 846 1767 910 epp.
1789 813 2146 890 historico-eecleslaiticai
2263 853 2266 862 ·

1256 911 1317 945 cunr
1336 911 1390 948 see.
1409 893 1451 947 16.
1469 901 1495 945 et
1516 892 1556 948 1⁷.
1574 895 1765 950 semicentuna
1783 898 1809 952 Ξ.
1828 917 1854 968 p.
1871 901 1924 957 119.
1944 911 1970 955 et
2008 903 2096 958 uidem
2115 923 2146 959 es

1193 1018 1201 1028 ,
1253 962 1410 1032 apographo
1435 960 1464 1014 in
1491 962 1553 1016 cod.
1577 968 1674 1031 (uuae)
1701 965 1814 1022 Monac.
1831 967 1874 1022 90.
1899 988 1945 1026 no.
1961 921 2021 1027 Vh.
2045 973 2145 1042 p.295.

1254 1027 1355 1081 lterum
1380 1049 1410 1082 er
1433 1028 1495 1084 cod.
1522 1031 1587 1088 uas.
1607 1029 1626 1086 l.
1656 1051 1682 1104 p.
1698 1032 1773 1089 1039.
1799 1035 1822 1090 ι’
1841 1035 2001 1094 ὓιιιιίο.ἱιι
2026 1059 2087 1116 epp.
2111 1041 2145 1096 ad

1254 1095 1370 1154 Medler.
1387 1115 1430 1170 ep.
1444 1098 1487 1154 81.
1687 1121 1691 1131 ’

1175 1279 1179 1286 ·
1207 1305 1210 1312 .
1247 1244 1417 1324 Domino
1440 1247 1553 1332 Doct.
1577 1246 1789 1328 Nicolao
1814 1251 2045 1348 Medlero,

1149 1383 1198 1473 S.
1221 1393 1268 1474 D.
1316 1397 1526 1471 Reverende
1540 1401 1598 1472 vir
1615 1416 1649 1474 et
1666 1403 1778 1496 amice
1793 1407 1983 1483 carissime.
2034 1405 2146 1480 Grata

1149 1496 1305 1573 estmihi
1321 1513 1379 1571 tua
1395 1503 1635 1574 inscribendo
1652 1507 1849 1585 assiduitas.
1899 1507 1949 1582 Et
1967 1505 2036 1581 hoc
2053 1524 2145 1581 tem-

1148 1626 1234 1696 pore
1259 1604 1421 1694 prodest,
1453 1605 1584 1674 amicos
1614 1605 1773 1680 sinceros
1799 1611 1938 1704 saepius
1969 1613 2144 1706 colloqui;
2182 1631 2186 1642 ’

1148 1728 1257 1799 quare
1272 1729 1335 1776 nec
1351 1705 1417 1776 tibi
1433 1729 1552 1776 meum
1568 1705 1726 1780 officium
1742 1711 1781 1782 in
1797 1707 1865 1782 hoe
1880 1735 2007 1802 genere
2023 1715 2147 1800 deerit,

1148 1811 1261 1876 donec
1284 1806 1392 1894 iniis
1413 1807 1500 1878 locis
1522 1832 1600 1894 ero,
1626 1813 1723 1881 unde
1745 1811 1869 1882 literae
1891 1829 2031 1886 nostrae
2049 1817 2091 1885 ad
2111 1830 2146 1886 te

1148 1910 1296 2002 perferri
1320 1921 1498 2002 poterunt.
1548 1907 1705 2004 Expecto
1730 1911 1825 1982 enim
1846 1917 1903 1986 vel
1926 1941 2019 1986 nova
2040 1917 2145 1986 exilia

1148 2011 1203 2082 vel
1220 2033 1404 2086 carcerem.
1436 2009 1527 2082 Nam
1538 2006 1701 2083 Islebr'us
1714 2013 1950 2087 rabiosissime
1965 2016 2003 2086 in
2021 2019 2143 2108 publi-

1146 2115 1195 2183 cis
1213 2113 1446 2184 concionibus
1460 2113 1499 2182 in
1513 2138 1570 2182 me
1585 2109 1834 2198 debacchatur,
1856 2131 1890 2188 et
1903 2119 1999 2212 quod
2017 2121 2144 2208 Augu·
2198 2115 2202 2120 ’

1146 2229 1218 2287 stae
1233 2215 1379 2285 molitus
1396 2227 1460 2301 est,
1483 2215 1523 2285 id
1540 2239 1636 2286 nunc
1654 2239 1716 2308 per
1732 2211 1971 2305 Monachum,
1994 2221 2144 2290 audien-

1146 2331 1216 2388 tem
1237 2315 1473 2387 conlessiones
1497 2317 1739 2409 imperatoris,
1764 2320 1913 2391 astutius
1934 2331 2011 2410 aget
2027 2317 2074 2414 ¹),
2103 2337 2144 2394 ut

1131 2443 1202 2489 me
1222 2419 1412 2512 opprimat.
1461 2413 1541 2488 Etsi
1559 2432 1678 2488 autem
1697 2443 1756 2490 me
1771 2414 1961 2492 hortantur
1980 2417 2145 2493 homines

1146 2515 1288 2593 bonesti
1310 2533 1345 2590 et
1366 2519 1560 2610 prudentes
1580 2522 1627 2588 ad
1654 2521 1796 2610 sugam,
1830 2533 1949 2593 tamen
1973 2519 2144 2596 hactenus

1146 2623 1278 2707 mansi,
1305 2645 1345 2700 ac
1360 2617 1438 2716 Deo
1459 2645 1517 2691 me
1532 2624 1760 2708 commendo,
1785 2645 1891 2716 quem
1906 2649 1990 2711 oro,
2015 2639 2055 2696 ut
2076 2649 2143 2697 nos

1146 2739 1243 2816 regat
1274 2735 1309 2795 et
1346 2737 1460 2794 servet
1488 2721 1613 2793 'coetus
1645 2717 1894 2812 scholasticos,
1942 2728 2142 2798 doctrinam

112 2841 201 2918 cim,
244 2841 318 2918 sed
343 2841 456 2912 donec
471 2841 607 2926 vivam,
632 2840 918 2914 modestedicam
934 2869 1094 2916 necessa.
1146 2823 1321 2917 evangelii
1343 2825 1587 2916 incorruptam
1609 2839 1774 2897 sonantes
1796 2841 1831 2898 et
1852 2827 2002 2900 fideliter
2020 2843 2142 2900 custo-
2260 2823 2269 2836 '

104 2943 164 3014 5⁸2·-
185 2959 217 3016 U
232 2967 292 3016 reg
308 2943 476 3030 ostendit,
497 2943 627 3014 multas
641 2967 659 3012 a
674 2967 731 3014 me
747 2946 1002 3016 controversias
1018 2971 1093 3018 non
1146 2929 1293 3003 dientes.
1340 2925 1380 2998 Sl
1395 2937 1523 3020 pulani
1536 2925 1686 3013 inimici,
1712 2927 1812 3048 lla-88
1824 2929 1981 3002 facturos
1993 2955 2142 3002 concor·

98 3069 196 3138 parvo
213 3045 356 3125 labore,
382 3068 447 3116 nec
461 3045 538 3114 sine
554 3043 711 3136 periculo
727 3046 913 3137 explicatas
930 3069 1014 3124 esse.
1045 3044 1094 3118 Et
1145 3029 1242 3126 dim
1261 3042 1295 3100 θῑ
1308 3051 1449 3122 Ρθθθῐῦ,
1472 3029 1503 3099 ⁸5
1516 3051 1635 3099 meum
1650 3051 1858 3120 ungulum
1876 3033 2062 3119 ⁸⁰rb0³¹¹i2
2087 3035 2141 3103 ffl-

97 3141 185 3220 bone
200 3149 327 3240 ipsum
341 3145 476 3218 librum
485 3141 733 3236 Augustanum
748 3149 883 3238 legens,
904 3149 1092 3243 aliquoties
1146 3133 1240 3206 ciant
1253 3143 1426 3225 quantum
1443 3127 1542 3202 Dens
1558 3130 1749 3222 permittet.
1797 3130 1896 3202 Pulsi
1911 3147 1995 3206 sunt
2012 3157 2051 3204 ex
2068 3135 2142 3205 sois

94 3273 242 3340 guasco
268 3248 310 3318 in
332 3247 422 3318 meis
444 3247 652 3320 vulneribus
673 3272 767 3318 meas
798 3237 951 3341 p'ennas,
983 3264 1025 3322 ut
1054 3251 1092 3320 in
1143 3227 1355 3354 ΕῑθῙξδῑῑῆἶ)
1376 3225 1572 3313 ΒΓθΰῖῖΝι
1601 3227 1736 3354 {Vppvs
1753 3227 1801 3329 ³),
1826 3228 2045 3354 Μᾱδῦϋῖϋξ,
2071 3237 2142 3356 tir?

91 3354 239 3448 antiquo
258 3350 453 3442 proverbio
468 3351 601 3425 dictum
617 3364 679 3426 est.
730 3349 772 3422 Si
791 3349 917 3438 vivam,
941 3353 1092 3424 scribam
1145 3338 1258 3416 ‘1⁰⁰⁰’
1282 3357 1351 3427 ΡΠ,
1377 3345 1411 3403 ⁰²
1432 3334 1524 3403 bene
1538 3347 1674 3418 ΜΗ,
1701 3347 1734 3404 θῑ
1749 3335 1888 3426 P⁸⁸⁸ii¹l
1901 3337 2029 3428 exllelh
2051 3338 2142 3409 ³¹¹⁰⁸
2212 3363 2217 3368 ’

90 3459 131 3526 ad
153 3479 221 3526 eos
244 3453 370 3546 plura,
399 3465 433 3524 et
456 3452 613 3544 saepius,
640 3451 845 3548 ubicunque
869 3477 941 3524 ero.
1001 3451 1092 3528 Nam

90 3551 149 3628 has
161 3555 406 3630 contumelias
419 3578 494 3624 uon
513 3557 683 3646 perpetuo
700 3555 942 3634 dissimulabo.
979 3607 983 3633 ;

89 3781 185 3874 quod
201 3781 254 3850 ad
269 3799 329 3848 rue
343 3775 504 3846 misistis:
532 3774 615 3868 quia
634 3775 702 3866 ipsi
720 3777 877 3869 exempla
894 3777 1005 3848 multa
1028 3772 1092 3846 ha-

89 3885 226 3954 hemus.
280 3876 463 3948 Habemus
477 3890 511 3947 et
524 3877 634 3946 alium
650 3877 804 3963 librum,
824 3879 880 3949 cui
900 3878 1024 3949 titulus
1040 3892 1091 3951 est

87 3972 422 4084 Resurmolc'o”),
448 3977 511 4072 qui
526 3979 624 4048 velut
638 3979 811 4070 interpres
824 3993 875 4050 est
889 3980 975 4050 libri
992 3981 1091 4074 prio·

88 4089 147 4162 ris.
191 4084 327 4155 Totam
344 4076 436 4152 hauc
448 4103 598 4164 causam,
617 4077 823 4165 Ecclesiam,
841 4095 875 4152 et
888 4105 954 4152 nos
967 4106 1091 4154 omnes

86 4186 163 4258 Deo
188 4185 421 4256 commendo:
447 4182 528 4276 quia
549 4183 621 4252 scio
636 4181 801 4252 salutaria
818 4183 864 4252 ab
885 4178 1091 4256 hominibus

87 4290 178 4360 ethei
205 4307 284 4358 nou
302 4307 422 4378 posse,
448 4284 516 4358 nisi
531 4284 652 4356 datum
670 4284 716 4355 sit
731 4307 750 4354 a
767 4283 860 4356 Deo:
888 4309 992 4380 quem
1009 4287 1090 4380 qoi-

88 4395 171 4464 dem
185 4414 267 4470 oro,
292 4401 333 4458 ut
349 4411 412 4458 vos
426 4399 533 4478 regat.
585 4383 656 4456 Pro
670 4387 820 4476 poculo,
842 4389 937 4480 quod
953 4387 1091 4458 miseris
1110 4393 1115 4467 l
1141 4368 1235 4428 ⁵⁰¹¹l·

88 4488 267 4586 orphanis
282 4489 368 4557 meis
384 4488 538 4571 misistis,
563 4509 627 4578 ago
643 4489 782 4576 gratias.
831 4487 990 4562 Salutem
1007 4503 1091 4579 opto

89 4597 178 4666 viris
212 4590 471 4679 integerrimis,
502 4588 565 4683 qui
598 4611 676 4660 meo
710 4591 835 4662 dolore
865 4589 1114 4665 adliciuntur.·.
1461 4657 1470 4674 ,
1585 4655 1594 4673 ,
1819 4657 1827 4673 ,
2037 4656 2047 4674 ,

1110 4667 1114 4836 Ι
1140 4674 1320 4732 aeternam
1336 4655 1513 4730 Ecclesiae
1529 4653 1597 4727 Der
1619 4657 1912 4728 consuetudinem
1934 4657 2132 4728 doctrinam

89 4693 188 4768 Bene
210 4693 336 4764 valete.

191 4807 401 4882 Formulam
429 4807 645 4880 recitandam
674 4819 755 4878 ante
786 4803 986 4894 Canonem,
1015 4829 1113 4877 non·

1144 3463 1185 3508 ex
1199 3437 1278 3507 aliis
1290 3435 1380 3506 locis
1395 3435 1518 3519 audio;
1535 3447 1701 3506 ettamen
1716 3429 2031 3507 clamatlslebius:
2045 3434 2141 3510 hane

1144 3563 1217 3610 esse
1238 3536 1411 3628 evangelii
1432 3536 1746 3630 propagationem.¹
1786 3536 1857 3608 Sed
1879 3539 1993 3610 multo
2009 3549 2089 3612 ante
2106 3555 2141 3612 et

186 3673 359 3749 Remitto
391 3674 494 3744 vobi,
527 3675 727 3764 exemplum
758 3675 846 3745 libri
874 3669 1093 3766 Augustam,
1144 3641 1267 3711 vidiat
1280 3641 1373 3725 dixi,
1397 3641 1609 3710 decursuros
1621 3640 1764 3708 tandem
1779 3639 1957 3732 principes
1974 3643 2018 3712 ad
2034 3643 2139 3712 talem

1143 3745 1300 3814 sucosam
1333 3740 1642 3840 compositionem,
1663 3741 1710 3808 in
1737 3765 1806 3833 qua
1832 3763 1938 3831 parva
1965 3745 2140 3838 quaedam

1144 3847 1320 3918 donarent
1337 3844 1575 3934 temporibus,
1599 3844 1661 3914 sed
1685 3843 1884 3916 stabilirent
1907 3869 1966 3916 eos
1990 3867 2139 3930 errores,

1144 3947 1206 4043 qni
1234 3959 1318 4020 sunt
1350 3946 1453 4016 nervi
1475 3947 1661 4041 potentiae
1689 3945 1899 4038 pontificiae.
1950 3945 2022 4018 Nec
2047 3942 2138 4016 mihi

1143 4063 1282 4122 tantum
1304 4069 1425 4132 sunto,
1456 4062 1497 4118 ut
1518 4048 1730 4134 existimem,
1756 4071 1813 4118 me
1840 4069 1941 4139 posse
1964 4047 2138 4140 impedire

1143 4152 1288 4224 consilia
1316 4151 1542 4241 politicorum
1570 4151 1845 4239 gubernatorum
1867 4149 1916 4242 ⁴),
1942 4173 2031 4243 quos
2057 4149 2135 4220 sino

1142 4253 1354 4326 constituere
1369 4251 1625 4344 rempublicam
1641 4249 1748 4324 velut
1765 4251 1903 4336 volunt,
1926 4252 1984 4321 vel
2000 4263 2039 4322 ut
2054 4275 2149 4342 ροι-Ι

1286 4351 1363 4443 Ego
1386 4367 1509 4424 tamen
1528 4353 1726 4422 doctrinam
1751 4352 1980 4422 necessariam
2001 4375 2135 4445 nequa-

1111 4488 1114 4526 ι
1141 4481 1248 4551 quam
1261 4454 1438 4528 abiiciam.
1487 4452 1639 4524 Memini
1654 4451 1758 4522 Pauli
1777 4439 1917 4524 vocem:
1942 4443 2135 4522 honestum

1141 4553 1343 4656 depositum
1379 4550 1567 4627 custodito.
1635 4549 1824 4640 Adferam,
1862 4568 1903 4628 ut
1933 4577 2054 4647 spero,
2094 4556 2133 4624 in

91 4913 178 5004 legi:
212 4935 279 4984 nec
303 4905 417 4984 luben
449 4909 660 5002 exemplum.
688 4975 695 4985 ,
719 4907 803 4981 ldeo
834 4909 990 4980 iudicare
1015 4932 1090 4980 non
1174 4931 1201 4998 1)
1220 4927 1306 4984 uass.
1324 4923 1455 4980 madore
1472 4899 1551 4992 agras

90 5016 206 5108 potui.

134 5311 219 5376 ‘tle
240 5310 394 5384 Agricolae.

133 5397 177 5464 ”l
195 5399 295 5452 Forma
312 5393 518 5450 relormationis
537 5411 629 5448 rerum
649 5387 914 5446 maledocendo
935 5389 1088 5460 imperato-

167 5465 203 5525 ris
220 5468 299 5524 iussn
317 5461 454 5536 episeopis
472 5463 583 5518 recitata
602 5463 629 5519 d.
646 5461 686 5520 tt
701 5461 763 5516 Iun.
781 5459 811 5514 iu
828 5456 956 5515 Comitiis
973 5461 1088 5532 August.

1174 5015 1202 5082 2)
1223 5011 1359 5068 llummel.
1374 5025 1414 5064 ex
1426 5009 1530 5062 nrltula'a
1540 5009 1608 5064 sua’s.

1173 5097 1207 5168 8)
1225 5097 1333 5152 liumm.
1350 5097 1493 5162 Noppr'us,
1513 5105 1537 5148 tt
1552 5091 1730 5168 praetermisit
1742 5090 1892 5146 umatus.

1174 5183 1203 5254 l)
1222 5183 1313 5254 Pergit
1326 5181 1378 5236 iam
1389 5177 1537 5234 flummelii
1550 5187 1624 5234 mats
1639 5181 1691 5232 aed
1702 5187 1799 5250 tumeo
1812 5181 1868 5240 ι’ριι
1880 5196 1943 5233 meo
1953 5183 2015 5236 loeo
2027 5201 2129 5252 oppro·

1207 5254 1277 5305 bore
1293 5263 1404 5304 errores
1416 5265 1475 5302 oon
1488 5251 1565 5311 volo,
1582 5250 1750 5300 mortetenus
1762 5253 1870 5311 tempus
1887 5259 1918 5300 ut
1934 5253 2031 5304 uolunt
2046 5253 2092 5306 vel
2100 5263 2131 5308 ut

1207 5329 1336 5390 meunt.
1367 5317 1428 5386 Ego
1440 5329 1538 5372 tumen
1550 5318 1619 5370 dum
1633 5319 1726 5369 vivum
1737 5318 1882 5370 moderate
1894 5317 1987 5370 disum
2000 5321 2130 5375 derebus

1209 5388 1384 5450 necessarii,
1429 5405 1483 5440 uae
1499 5390 1539 5439 ed
1557 5384 1778 5454 oedfiwtionem
1789 5388 1890 5438 ὼιιιω
1901 5387 1960 5440 Dei
1975 5391 2128 5452 pertinent.

1209 5459 1242 5513 Α.
1252 5455 1326 5514 asts.
1361 5455 1474 5528 Reliqua
1488 5452 1590 5514 omnia.
1605 5463 1635 5508 ut
1647 5454 1724 5508 etlam
1737 5451 1863 5525 pagellae,
1874 5469 1931 5508 nou
1945 5453 2072 5526 leguntur
2082 5457 2128 5513 ibi.

1374 5523 1430 5601 ⁷*
