4624 6216
72 310 153 388 oss
571 279 575 296 '
656 307 1089 390 urtsronaauu
1142 311 1246 389 nm.
1269 307 1368 388 x11.
1424 303 1555 389 csse.
2056 311 2133 390 oro

73 477 238 577 ethnicas
264 501 328 550 seu
351 473 566 574 pharisaicas
587 481 857 574 imaginationes
881 485 1076 559 stabiliunt.
1128 497 1171 556 ut
1190 483 1299 558 simul
1323 493 1357 554 et
1379 479 1512 576 populo
1526 481 1648 552 fo'cnm
1663 477 1813 566 iaciant,
1837 493 1873 554 et
1888 478 2032 554 eludere
2047 505 2130 574 pos-

71 583 170 658 Nam
183 579 361 655 hnmanae
373 597 520 670 mentes,
540 585 683 675 ignarae
695 583 894 678 Evangelii,
916 601 950 658 et
965 589 1076 678 legem
1128 588 1201 658 sint
1217 609 1318 658 veras
1335 579 1639 676 reprehensiones.

71 699 261 782 utcunque
276 683 473 773 intuentes,
497 700 707 776 merguntur
722 689 761 758 in
774 683 866 760 hanc
882 689 1078 760 dubitatio-
1232 685 1282 760 Ut
1301 701 1418 758 autem
1440 685 1735 776 praemuniantur
1754 684 1871 756 bonae
1887 699 2043 773 mentes,
2074 689 2128 758 le·

72 813 180 876 nem,
213 810 303 881 quae
323 786 441 857 tristes
463 788 626 859 fremitus
647 791 815 861 adversos
830 789 946 862 Deum
965 804 999 862 et
1014 793 1078 860 de·
1128 803 1214 880 gant
1246 789 1402 860 studiose
1427 779 1591 856 Lutheri
1620 800 1871 873 monuments,
1912 789 2009 860 inter
2037 815 2129 883 quae

71 891 314 982 sperationem
337 889 441 980 parit.
490 887 574 960 Non
597 891 706 962 recito
729 892 801 962 iam
823 893 961 962 decreta
978 891 1076 962 flexi-
1129 887 1215 962 haec
1230 889 1407 960 enarratio
1421 887 1532 958 Moisi
1547 903 1599 960 est
1614 887 1711 958 velot
1726 909 1857 981 cygnea
1874 891 2012 975 cantio,
2037 915 2129 984 quae

72 993 205 1086 loqua,
245 989 364 1086 qualia
389 989 501 1062 multa
524 991 779 1078 condiderunt,
819 1007 859 1066 ut
882 993 990 1064 rimas
1012 987 1076 1064 ha·
1129 995 1173 1062 ad
1195 992 1434 1062 confessiones
1456 991 1566 1082 ipsius
1588 989 1847 1078 adiungantur,
1878 1015 1969 1085 quae
1989 992 2028 1062 in
2047 991 2128 1062 aliis

70 1097 185 1166 beant
206 1107 240 1164 et
264 1083 505 1190 κρησφύγετα
522 1085 578 1183 ⁴),
611 1093 640 1162 si
656 1119 675 1163 a
692 1095 796 1164 nobis
812 1089 1076 1186 reprehendam·
1129 1094 1231 1164 libris
1254 1095 1467 1175 recitantur,
1493 1093 1539 1162 de
1553 1091 1701 1183 singulis
1716 1091 1899 1161 doctrinae
1917 1093 2128 1165 ecclesiasti-

71 1209 156 1282 tnr‚
182 1209 218 1267 et
233 1209 352 1266 tamen
368 1217 406 1264 re
424 1193 498 1286 ipsa
512 1193 699 1266 stabiliunt
716 1217 799 1266 suos
813 1197 953 1270 abusus.
1004 1195 1073 1267 Sed
1129 1219 1187 1265 cae
1210 1196 1395 1286 capitibus.
1446 1191 1585 1263 Harum
1608 1192 1871 1262 confessionum
1886 1195 2073 1286 explicatio
2089 1197 2127 1264 in

71 1301 122 1370 de
137 1296 333 1367 manifestis
347 1309 379 1366 et
395 1295 602 1388 perniciosis
617 1297 797 1368 erroribus
811 1297 949 1390 loquor.
1000 1293 1076 1368 Hos
1129 1291 1185 1364 his
1212 1297 1436 1386 longioribus
1464 1293 1698 1366 macionibus
1718 1317 1879 1384 expressa
1903 1311 1965 1366 cst.
2029 1295 2127 1368 llaec

72 1423 159 1470 cum
181 1397 292 1468 lector
313 1397 352 1466 in
371 1397 520 1468 decretis
535 1397 608 1466 illis
625 1397 757 1483 cernit,
788 1411 956 1493 sequatur
972 1421 1077 1488 regu·
1128 1397 1329 1468 testimonio
1364 1399 1409 1466 ad
1445 1395 1623 1468 docendas
1655 1407 1690 1464 et
1721 1395 1983 1466 confirmandae
2014 1397 2129 1468 boum

71 1502 166 1572 lam:
200 1497 333 1592 siquis
354 1497 453 1568 aliud
476 1493 713 1590 Evangelinm
735 1499 855 1585 docet,
886 1493 1076 1569 anathema
1128 1513 1265 1570 mentes
1287 1512 1456 1590 prosunt,
1485 1521 1575 1590 quae
1593 1510 1762 1590 tanquam
1780 1492 1971 1568 honestum
1985 1499 2128 1591 deposi-

70 1603 137 1673 sit.
192 1599 311 1690 Quam
338 1599 471 1670 multae
499 1613 584 1670 sunt
611 1601 768 1670 nefariae
793 1599 1015 1693 corruptelae
1038 1600 1075 1670 in
1128 1615 1218 1682 tum,
1243 1614 1283 1670 ut
1299 1599 1431 1698 Paulus
1445 1621 1508 1668 sua
1524 1595 1724 1670 testimonia
1743 1599 1920 1684 nominat,
1947 1602 2041 1671 bona
2058 1601 2127 1670 lide

72 1702 227 1775 decretis
250 1700 410 1792 ipsorum
434 1701 479 1770 de
501 1701 746 1793 poenitentia?
797 1699 903 1772 Nulla
919 1703 1076 1796 synodus
1128 1718 1308 1787 tueamur,
1334 1725 1399 1772 nec
1416 1701 1573 1772 sinamus
1588 1723 1629 1768 ea
1643 1699 1700 1768 vel
1716 1699 1821 1770 obrui
1836 1701 1934 1770 falsis
1949 1725 1990 1772 ac
2005 1695 2129 1794 sophi-

71 1827 237 1896 unquam
261 1802 368 1882 dixit,
395 1802 700 1872 enumerationem
716 1801 940 1894 singulorum
956 1825 1077 1872 neces-
1128 1804 1226 1876 sticis
1247 1803 1396 1873 decretis
1419 1799 1633 1888 Pontificiis,
1665 1801 1720 1869 vel
1748 1813 1861 1870 astute
1883 1803 2056 1894 perverti,
2088 1829 2129 1872 ac

72 1906 207 1978 sariam
229 1925 303 1974 esse
326 1903 403 1972 iure
428 1903 572 1988 divino,
605 1917 640 1974 ει
661 1905 805 1997 quidem
823 1929 886 1990 eo,
910 1918 949 1974 ut
967 1905 1077 1996 possit
1129 1906 1167 1976 in
1197 1903 1398 1996 peregrinas
1426 1902 1617 1974 sententias
1641 1902 1838 1994 praestigiis
1863 1903 2128 1997 interpretatio·

72 2007 189 2078 indici
212 2005 420 2085 satisfactio,
454 2027 561 2098 quam
583 2004 631 2076 ita
648 2006 848 2080 nominant.
898 2003 1002 2074 Nunc
1019 2005 1076 2074 isti
1127 2005 1489 2078 numtransformari.

72 2106 292 2180 Tridentini·
323 2105 569 2195 legumlatores
598 2106 826 2198 impudenter
860 2106 1078 2177 addiderunt
1230 2105 1273 2176 ln
1295 2102 1361 2176 hac
1380 2105 1493 2176 delira
1510 2104 1636 2176 mundi
1652 2119 1788 2178 senecta
1807 2108 2034 2180 confusiones
2048 2109 2127 2200 opi·

71 2205 163 2282 haec
193 2208 375 2278 mendacia
406 2207 584 2278 veteribus
606 2207 775 2293 decretis,
812 2207 982 2278 etlilium
1008 2204 1077 2277 Dei
1128 2209 1277 2278 nionnm
1310 2207 1429 2299 plures
1460 2219 1582 2290 erunt,
1619 2229 1726 2299 quam
1759 2209 1905 2283 fuerunt
1936 2224 2060 2295 antea,
2093 2224 2130 2278 et

74 2309 293 2384 contumelia
316 2308 498 2380 adficiunt.
549 2306 624 2378 Nec
645 2308 743 2378 enim
766 2309 975 2398 magnitudo
994 2333 1077 2400 pec·
1126 2311 1242 2380 maior
1257 2310 1382 2380 levitas
1396 2331 1437 2378 ac
1451 2308 1632 2380 mobilitas
1649 2309 1715 2380 erit
1730 2310 1971 2400 ingeniorum,
1995 2310 2129 2382 multae

77 2411 148 2484 cati
179 2412 353 2500 cogitatur
368 2402 447 2502 *'),
488 2432 552 2479 nec
586 2410 852 2496 consideratur,
893 2433 1002 2504 quare
1036 2410 1076 2478 in
1127 2427 1276 2484 naturae
1289 2409 1496 2480 ambitiosae
1512 2423 1547 2480 et
1562 2409 1767 2492 seditiosae,
1793 2413 1910 2484 maior
1925 2414 2032 2486 etiam
2049 2413 2129 2482 dia-

74 2515 190 2584 filium
205 2509 273 2582 Dei
294 2511 453 2582 derivata
474 2510 521 2582 sit
545 2509 597 2580 ira
619 2525 659 2583 ει·
678 2511 887 2595 satisfactio,
920 2535 1001 2581 cum
1019 2511 1075 2580 of·
1126 2514 1203 2585 boli
1216 2512 1330 2584 rabies
1345 2523 1407 2594 εει,
1431 2511 1588 2604 quicum
1603 2511 1690 2580 sciat
1704 2535 1777 2582 non
1794 2515 1917 2606 procul
1933 2537 2007 2585 esse
2024 2513 2127 2584 illum

72 2615 279 2686 funduntur
312 2605 519 2682 hominibus
551 2613 748 2704 spectacula
785 2612 1076 2697 satisfactionum,
1127 2617 1239 2702 diem,
1273 2637 1345 2708 qno
1360 2609 1398 2708 *)
1426 2635 1462 2682 se
1491 2635 1614 2684 rursus
1637 2615 1800 2687 ostendet
1821 2617 1943 2706 generi
1967 2610 2127 2684 hnmano

73 2737 229 2811 quorum
251 2713 321 2786 alia
344 2713 514 2799 ridicula,
547 2714 618 2784 alia
639 2715 746 2784 etiam
773 2715 890 2806 turpia
915 2716 1073 2787 luerunt.
1126 2718 1220 2788 filius
1233 2715 1318 2801 Dei,
1349 2709 1571 2806 triumphum
1594 2727 1691 2802 aget,
1716 2731 1752 2788 et
1769 2717 1913 2789 ornabit
1930 2713 2126 2788 Ecclesiam

69 2815 241 2910 &nique
265 2839 340 2886 non
360 2815 454 2886 leves
475 2817 613 2888 furores
626 2815 773 2888 fuerunt
786 2817 1018 2886 deliramenta
1035 2815 1074 2884 in
1125 2833 1265 2890 aeterna
1288 2817 1421 2908 gloria,
1450 2829 1487 2887 et
1501 2839 1573 2910 quo
1592 2817 1816 2888 diabolorum
1835 2819 2023 2912 torpitudo
2040 2839 2127 2888 con-

68 2913 145 2991 hoc
167 2939 305 3008 genere.
356 2913 410 2986 Ne
428 2916 496 3008 ipsi
522 2918 667 3009 quidem
693 2912 873 2988 architecti
899 2918 1074 2988 constitu·
1124 2921 1296 3014 spicietur
1315 2933 1350 2990 ει
1370 2919 1594 3008 augebuntur
1609 2919 1796 2990 cruciatus.
1846 2917 2035 2992 Furiosius
2054 2919 2126 2992 ira-

70 3021 216 3094 tionum
230 3017 525 3088 Tridentinarum
542 3019 721 3108 ignorant,
745 3013 851 3090 chaos
863 3018 1073 3090 satisfactio-
1124 3035 1271 3094 acuatur
1291 3021 1365 3091 lilio
1380 3019 1465 3105 Dei,
1494 3033 1528 3090 et
1550 3019 1660 3110 ipsius
1681 3020 1767 3092 odio
1782 3022 1894 3114 magis
1907 3021 2072 3094 saeviunt
2088 3021 2126 3090 ia

70 3145 164 3196 num
185 3120 294 3194 facisse
314 3131 350 3190 et
365 3141 439 3188 esse
455 3119 601 3211 plenum
618 3122 906 3207 mendaciorum,
931 3133 966 3192 et
982 3122 1072 3192 ritus
1121 3123 1318 3196 Ecclesiam
1331 3133 1444 3196 aetate
1458 3145 1555 3192 nunc
1576 3121 1858 3198 imbecilliorem.
1909 3122 2126 3213 Magnitudo

70 3225 172 3318 ipsos
193 3233 364 3292 vetustate
386 3219 456 3290 iam
479 3221 650 3292 extinctos
664 3243 749 3292 esse.
797 3219 847 3294 Et
859 3235 978 3294 tamen
992 3221 1072 3293 ina-
1123 3227 1233 3318 igitur
1255 3223 1494 3318 periculorum
1517 3223 1685 3294 exuscitet
1707 3246 1795 3310 nos,
1827 3237 1869 3297 ut
1889 3223 2016 3296 maiori
2040 3247 2124 3294 cura

69 3349 159 3396 nem
182 3321 347 3394 vocabuli
368 3321 532 3392 umbram
553 3323 687 3414 populo
711 3324 925 3409 ostendunt,
957 3347 1002 3394 ne
1017 3323 1071 3394 ia·
1122 3342 1157 3400 et
1185 3327 1337 3398 retinere
1365 3325 1555 3417 puritatem
1576 3337 1610 3394 et
1630 3325 1723 3394 tueri
1744 3348 1956 3398 consensum
1981 3327 2124 3398 austes

69 3439 211 3500 ctnram
231 3422 363 3494 faciant
383 3422 653 3496 existimationis
676 3423 708 3494 si
728 3425 907 3498 fateantur
920 3447 1070 3511 errores,
1120 3452 1211 3502 rans.
1244 3423 1301 3500 Ad
1317 3450 1408 3522 quae
1421 3449 1510 3518 opus
1526 3439 1577 3496 est
1594 3425 1652 3516 pia
1668 3425 1819 3498 lectione
1835 3441 1870 3498 et
1884 3427 2025 3502 ardenti
2041 3449 2123 3520 pre·

67 3527 203 3600 deinde
224 3538 266 3598 ut
288 3537 469 3616 praetextu
492 3524 613 3618 aliquo
627 3527 781 3598 vendere
796 3527 991 3599 laxationes
1008 3551 1071 3598 ve-
1120 3531 1279 3616 catione,
1304 3531 1395 3600 sicut
1418 3527 1536 3622 inquit
1556 3527 1652 3598 lilius
1672 3526 1757 3600 Dei:
1791 3529 1934 3620 vigilate
1956 3543 1990 3600 et
2013 3543 2125 3614 orate,

67 3645 191 3704 terum
205 3649 385 3701 canonum
398 3625 544 3717 possint,
569 3651 657 3719 quas
672 3627 862 3701 nominant
876 3627 1070 3720 indulgen-
1120 3659 1166 3704 ne
1181 3630 1320 3704 intretis
1339 3629 1635 3700 intentationem.
1672 3627 1866 3720 vigilantia
1882 3631 2122 3704 intentionem

67 3731 152 3804 tiss.
202 3726 256 3799 De
271 3726 452 3798 oblatione
469 3727 508 3796 in
522 3722 657 3798 Missa
674 3743 850 3802 renovant
871 3723 1068 3822 pharisaica
1118 3737 1160 3806 in
1175 3731 1582 3826 cogitationedoctrinse
1598 3731 1864 3824 complectitur,
1888 3733 2044 3824 precatio
2058 3755 2123 3824 pe-

68 3829 316 3909 deliramenta,
338 3827 468 3898 mereri
483 3851 559 3898 ⁰³¹⁰
573 3830 815 3902 remissionem
830 3844 1068 3923 peecatorum,
1119 3838 1164 3910 tit
1184 3835 1354 3908 auxilium
1377 3833 1506 3906 aDeo.
1564 3827 1654 3902 Nam
1679 3833 1864 3922 diligentia
1890 3829 2045 3908 humana
2062 3835 2119 3904 in-

67 3933 197 4024 culpse
218 3943 253 4002 et
272 3953 405 4021 poenae
425 3928 569 4000 facienti
594 3943 629 4002 et
652 3931 741 4002 aliis.
800 3929 931 4004 Delent
958 3932 1069 4024 igitur
1118 3939 1225 4010 foelix
1246 3949 1316 4022 est,
1347 3935 1417 4006 nisi
1440 3935 1658 4025 gubernetur
1677 3949 1712 4006 et
1726 3935 1916 4010 adiuvetur
1933 3937 2120 4008 divinitus.

66 4057 195 4106 vocem
210 4029 397 4120 Evangelii
421 4032 465 4102 de
486 4032 639 4122 gratuite
662 4031 887 4118 remissione,
915 4057 1006 4128 quae
1028 4034 1068 4106 lit
1119 4039 1168 4114 Ut
1192 4039 1302 4129 igitur
1325 4049 1484 4130 precatus
1498 4036 1603 4106 estin
1622 4058 1733 4125 agone
1748 4060 1814 4108 suo
1830 4061 1989 4110 summus
2003 4061 2119 4110 sacer-

66 4146 217 4228 propter
230 4133 343 4202 filiurn
360 4129 448 4218 Dei,
469 4148 504 4204 et
518 4134 588 4204 tide
602 4134 806 4226 accipienda
822 4147 885 4210 est.
935 4131 1067 4208 Delent
1117 4145 1182 4214 dos
1197 4139 1375 4212 Dominus
1395 4153 1515 4210 noster
1532 4131 1825 4222 lesusChristus,
1850 4141 2036 4212 crucifixus
2053 4163 2119 4230 pro
2173 4215 2177 4226 ,

71 4249 110 4305 ει
129 4229 197 4304 hoc
216 4233 368 4304 dictum:
399 4257 470 4306 nna
493 4235 674 4306 oblatione
694 4235 954 4308 consummavit
972 4237 1067 4310 lilius
1117 4245 1223 4314 nobis
1243 4255 1278 4312 et
1299 4240 1542 4324 resuscitatus,
1566 4249 1607 4308 ut
1621 4251 1785 4310 aeternus
1802 4252 1903 4330 pater
1918 4253 2033 4313 servet
2046 4239 2117 4314 Ee-

64 4335 140 4409 Dei
155 4357 278 4406 omnes
294 4334 357 4428 qni
372 4335 647 4412 sanctificantur.
1117 4345 1259 4418 clesiam
1279 4357 1313 4414 et
1327 4342 1519 4414 sanctificet
1533 4361 1610 4410 eam
1627 4337 1666 4408 in
1684 4341 1849 4426 veritate,
1878 4357 1914 4412 et
1929 4343 2054 4428 faciat,
2077 4355 2119 4414 ut

172 4435 241 4508 Sed
257 4435 383 4506 omitto
399 4436 470 4506 iam
486 4437 683 4526 longiorem
696 4437 957 4524 recitationem,
981 4438 1065 4533 qnia
1116 4471 1229 4518 unum
1245 4445 1355 4516 simus
1369 4443 1407 4512 in
1422 4444 1510 4533 ipso,
1533 4441 1581 4510 its
1599 4433 1685 4510 haec
1700 4441 1823 4512 eadem
1839 4455 1920 4514 vota
1933 4467 1999 4536 pro
2014 4445 2120 4516 nobis

63 4539 234 4612 nondum
262 4537 441 4626 integrum
468 4537 559 4609 illud
589 4539 706 4630 legum
735 4539 905 4610 volumen
930 4539 1065 4614 editum
1116 4550 1255 4620 assidue
1272 4545 1354 4616 facit
1367 4544 1406 4614 in
1423 4545 1486 4613 illo
1500 4565 1629 4612 arcano
1644 4542 1794 4616 consilio
1811 4543 2021 4620 divinitatis.
2063 4543 2118 4618 Ac

62 4655 141 4724 est,
163 4639 355 4734 quodcum
372 4637 586 4730 proferetur,
611 4655 716 4713 erunt
731 4653 766 4714 et
779 4665 876 4714 nnnc
887 4655 922 4714 et
935 4643 1065 4714 deinde
1116 4649 1350 4721 certissimum
1372 4659 1447 4730 est,
1481 4643 1592 4737 ipsius
1615 4643 1820 4735 petitionem
1843 4669 1918 4716 non
1939 4669 2013 4718 esse
2031 4647 2118 4718 irri-

60 4742 162 4834 apud
185 4753 344 4833 posteros
368 4738 472 4810 multi
496 4739 564 4808 viri
590 4741 686 4812 docti
702 4755 736 4814 et
752 4757 844 4814 recte
860 4743 1065 4816 invocantes
1116 4767 1200 4824 mm.
1249 4743 1307 4818 Ad
1332 4741 1425 4816 hanc
1446 4745 1575 4817 summi
1597 4747 1789 4820 sacerdotis
1810 4749 1922 4818 nostri
1940 4749 2116 4840 precatio·

58 4843 205 4928 Deum,
231 4841 294 4935 qui
309 4840 435 4936 synodi
452 4837 685 4911 Tridentinae
699 4867 836 4914 errores
851 4845 1064 4930 refutabant,
1117 4877 1197 4922 nem
1219 4847 1453 4938 adiungamus
1476 4859 1510 4917 et
1532 4859 1673 4916 nostros
1697 4847 1866 4936 gemitus,
1894 4851 2066 4944 lacrymas
2080 4867 2116 4924 et

60 4961 103 5020 et
126 4944 190 5016 toti
211 4943 292 5014 orbi
315 4957 487 5014 terrarum
504 4945 694 5012 ostendent
712 4943 861 5014 insidias
875 4959 910 5016 et
924 4941 1062 5036 sophis-
1114 4951 1340 5046 petitionem,
1364 4963 1405 5022 ut
1420 4943 1488 5018 hoc
1502 4947 1702 5020 tristissimo
1717 4961 1875 5044 tempore
1888 4975 2027 5044 semper
2039 4955 2115 5026 001.

57 5059 162 5120 mata
185 5047 224 5114 in
245 5043 394 5114 decretis
415 5043 505 5127 illis,
530 5055 563 5112 et
584 5045 846 5136 perversitatem
861 5041 1063 5130 authorum,
1115 5055 1200 5143 ligat
1215 5066 1379 5122 aeternus
1392 5061 1491 5142 pater
1506 5050 1579 5122 filio
1595 5045 1790 5122 Ecclesiam
1808 5053 1913 5124 eriam
1927 5054 1967 5125 in
1984 5043 2042 5126 h'ie
2055 5080 2114 5128 η.

59 5147 131 5248 qui
153 5158 267 5218 astute
287 5146 400 5218 multa
422 5143 588 5234 ambigua
611 5161 817 5238 sparserunt
838 5147 877 5216 in
900 5147 1062 5232 decretis,
1113 5155 1300 5246 gionibus,
1326 5165 1361 5224 et
1379 5151 1571 5224 sanctificet
1592 5173 1659 5220 nos
1676 5153 1824 5226 veritate
1839 5177 1920 5240 sna,
1944 5170 1978 5226 et
1996 5158 2113 5244 faeiat,

1115 5269 1155 5328 ut
1166 5279 1280 5326 unum
1295 5253 1407 5324 simus
1421 5253 1568 5346 inipso,
1592 5267 1754 5346 proteget
1769 5267 1804 5328 et
1818 5251 1973 5350 hospitis
1986 5255 2114 5332 Eccle-

54 5315 289 5342 ρ*

97 5409 131 5472 *t
150 5405 182 5458 lo
195 5422 259 5477 opp.
271 5401 351 5458 lautia.
365 5403 510 5458 mendosos
528 5419 718 5474 ερεσφηγειε.

97 5489 149 5556 ”t
169 5488 199 5544 lo
212 5505 276 5560 opp.
289 5484 368 5546 tun.
380 5496 514 5557 meatum
532 5487 672 5544 mendose.
1146 5481 1176 5554 ὓ)
1194 5479 1279 5538 Lutlt.
1292 5497 1357 5554 opp.
1371 5481 1464 5552 gum
1483 5497 1513 5534 es
1528 5477 1640 5538 nendo.
