<?xml version="1.0" encoding="UTF-8"?>
<!DOCTYPE html PUBLIC "-//W3C//DTD XHTML 1.0 Transitional//EN"
    "http://www.w3.org/TR/xhtml1/DTD/xhtml1-transitional.dtd">
<html xmlns="http://www.w3.org/1999/xhtml" xml:lang="en" lang="en">
 <head>
  <title>
</title>
<meta http-equiv="Content-Type" content="text/html;charset=utf-8" />
  <meta name='ocr-system' content='tesseract 3.04.00' />
  <meta name='ocr-capabilities' content='ocr_page ocr_carea ocr_par ocr_line ocrx_word'/>
</head>
<body>
  <div class='ocr_page' id='page_1' title='image "./philippimelanth04bindgoog_0295.png"; bbox 0 0 4586 6224; ppageno 0'>
   <div class='ocr_carea' id='block_1_1' title="bbox 622 138 656 156">
    <p class='ocr_par' dir='ltr' id='par_1_1' title="bbox 622 138 656 156">
     <span class='ocr_line' id='line_1_1' title="bbox 622 138 656 156; baseline 0 0"><span class='ocrx_word' id='word_1_1' title='bbox 622 138 656 156; x_wconf 68' lang='lat'>*-</span> 
     </span>
    </p>
   </div>
   <div class='ocr_carea' id='block_1_2' title="bbox 65 258 2071 414">
    <p class='ocr_par' dir='ltr' id='par_1_2' title="bbox 65 258 2071 414">
     <span class='ocr_line' id='line_1_2' title="bbox 65 258 2071 414; baseline -0.004 -2"><span class='ocrx_word' id='word_1_2' title='bbox 65 335 118 414; x_wconf 82' lang='lat' dir='ltr'>aa</span> <span class='ocrx_word' id='word_1_3' title='bbox 602 258 1044 404; x_wconf 76' lang='lat' dir='ltr'>artsronanuu</span> <span class='ocrx_word' id='word_1_4' title='bbox 1096 323 1314 404; x_wconf 63' lang='lat' dir='ltr'>manu.</span> <span class='ocrx_word' id='word_1_5' title='bbox 1366 325 1499 408; x_wconf 77' lang='lat' dir='ltr'>raso.</span> <span class='ocrx_word' id='word_1_6' title='bbox 1994 323 2071 405; x_wconf 78' lang='lat' dir='ltr'>sss</span> 
     </span>
    </p>
   </div>
   <div class='ocr_carea' id='block_1_3' title="bbox 37 495 2076 3644">
    <p class='ocr_par' dir='ltr' id='par_1_3' title="bbox 37 495 2076 3644">
     <span class='ocr_line' id='line_1_3' title="bbox 65 495 2070 596; baseline 0.001 -18"><span class='ocrx_word' id='word_1_7' title='bbox 65 503 286 596; x_wconf 81' lang='lat' dir='ltr'>mitigationem</span> <span class='ocrx_word' id='word_1_8' title='bbox 310 503 549 576; x_wconf 83' lang='lat' dir='ltr'>calamitatum</span> <span class='ocrx_word' id='word_1_9' title='bbox 574 502 720 576; x_wconf 86' lang='lat' dir='ltr'>adterat.</span> <span class='ocrx_word' id='word_1_10' title='bbox 769 495 857 572; x_wconf 84' lang='lat' dir='ltr'>Tibi</span> <span class='ocrx_word' id='word_1_11' title='bbox 874 511 967 570; x_wconf 87' lang='lat' dir='ltr'>certe</span> <span class='ocrx_word' id='word_1_12' title='bbox 989 507 1025 568; x_wconf 93' lang='lat' dir='ltr'>et</span> <span class='ocrx_word' id='word_1_13' title='bbox 1074 496 1131 574; x_wconf 89' lang='lat' dir='ltr'>bit</span> <span class='ocrx_word' id='word_1_14' title='bbox 1149 511 1261 570; x_wconf 87' lang='lat' dir='ltr'>mater</span> <span class='ocrx_word' id='word_1_15' title='bbox 1283 497 1462 594; x_wconf 76' lang='lat' dir='ltr'>Sponsae,</span> <span class='ocrx_word' id='word_1_16' title='bbox 1488 503 1653 578; x_wconf 85' lang='lat' dir='ltr'>mandata</span> <span class='ocrx_word' id='word_1_17' title='bbox 1677 526 1714 576; x_wconf 89' lang='lat' dir='ltr'>se</span> <span class='ocrx_word' id='word_1_18' title='bbox 1731 503 1763 576; x_wconf 92' lang='lat' dir='ltr'>ei</span> <span class='ocrx_word' id='word_1_19' title='bbox 1781 505 1826 578; x_wconf 88' lang='lat' dir='ltr'>sd</span> <span class='ocrx_word' id='word_1_20' title='bbox 1849 529 1907 578; x_wconf 91' lang='lat' dir='ltr'>me</span> <span class='ocrx_word' id='word_1_21' title='bbox 1922 503 2070 594; x_wconf 85' lang='lat' dir='ltr'>dedisse,</span> 
     </span>
     <span class='ocr_line' id='line_1_4' title="bbox 64 595 1950 700; baseline -0.001 -18"><span class='ocrx_word' id='word_1_22' title='bbox 64 610 113 682; x_wconf 87' lang='lat' dir='ltr'>tuis</span> <span class='ocrx_word' id='word_1_23' title='bbox 124 621 198 700; x_wconf 85' lang='lat' dir='ltr'>epto</span> <span class='ocrx_word' id='word_1_24' title='bbox 214 621 287 678; x_wconf 87' lang='lat' dir='ltr'>toto</span> <span class='ocrx_word' id='word_1_25' title='bbox 302 619 461 698; x_wconf 75' lang='lat' dir='ltr'>pectore,</span> <span class='ocrx_word' id='word_1_26' title='bbox 485 618 526 678; x_wconf 90' lang='lat' dir='ltr'>ut</span> <span class='ocrx_word' id='word_1_27' title='bbox 542 599 600 676; x_wconf 90' lang='lat' dir='ltr'>hic</span> <span class='ocrx_word' id='word_1_28' title='bbox 615 627 731 676; x_wconf 90' lang='lat' dir='ltr'>annus</span> <span class='ocrx_word' id='word_1_29' title='bbox 746 603 882 674; x_wconf 79' lang='lat' dir='ltr'>faustus</span> <span class='ocrx_word' id='word_1_30' title='bbox 898 614 934 672; x_wconf 88' lang='lat' dir='ltr'>et</span> <span class='ocrx_word' id='word_1_31' title='bbox 947 600 1023 670; x_wconf 86' lang='lat' dir='ltr'>toe-</span> <span class='ocrx_word' id='word_1_32' title='bbox 1074 601 1133 670; x_wconf 87' lang='lat' dir='ltr'>sed</span> <span class='ocrx_word' id='word_1_33' title='bbox 1149 595 1256 670; x_wconf 90' lang='lat' dir='ltr'>hodic</span> <span class='ocrx_word' id='word_1_34' title='bbox 1272 605 1315 675; x_wconf 86' lang='lat' dir='ltr'>ad</span> <span class='ocrx_word' id='word_1_35' title='bbox 1333 627 1412 674; x_wconf 90' lang='lat' dir='ltr'>eum</span> <span class='ocrx_word' id='word_1_36' title='bbox 1428 618 1506 676; x_wconf 89' lang='lat' dir='ltr'>tuas</span> <span class='ocrx_word' id='word_1_37' title='bbox 1523 619 1558 676; x_wconf 90' lang='lat' dir='ltr'>ct</span> <span class='ocrx_word' id='word_1_38' title='bbox 1570 631 1666 678; x_wconf 85' lang='lat' dir='ltr'>mess</span> <span class='ocrx_word' id='word_1_39' title='bbox 1685 607 1820 680; x_wconf 89' lang='lat' dir='ltr'>litteras</span> <span class='ocrx_word' id='word_1_40' title='bbox 1836 609 1950 684; x_wconf 89' lang='lat' dir='ltr'>mitto.</span> 
     </span>
     <span class='ocr_line' id='line_1_5' title="bbox 62 699 2068 806; baseline -0 -24"><span class='ocrx_word' id='word_1_41' title='bbox 62 711 96 782; x_wconf 87' lang='lat' dir='ltr'>lix</span> <span class='ocrx_word' id='word_1_42' title='bbox 114 711 161 781; x_wconf 87' lang='lat' dir='ltr'>sit.</span> <span class='ocrx_word' id='word_1_43' title='bbox 207 705 255 780; x_wconf 86' lang='lat' dir='ltr'>Et</span> <span class='ocrx_word' id='word_1_44' title='bbox 279 731 380 799; x_wconf 86' lang='lat' dir='ltr'>spero</span> <span class='ocrx_word' id='word_1_45' title='bbox 410 707 587 778; x_wconf 82' lang='lat' dir='ltr'>civitatem</span> <span class='ocrx_word' id='word_1_46' title='bbox 615 719 766 778; x_wconf 85' lang='lat' dir='ltr'>vestram</span> <span class='ocrx_word' id='word_1_47' title='bbox 793 702 1023 796; x_wconf 87' lang='lat' dir='ltr'>tranquillam</span> <span class='ocrx_word' id='word_1_48' title='bbox 1176 699 1306 794; x_wconf 82' lang='lat' dir='ltr'>Accepi</span> <span class='ocrx_word' id='word_1_49' title='bbox 1336 729 1498 778; x_wconf 84' lang='lat' dir='ltr'>reversus</span> <span class='ocrx_word' id='word_1_50' title='bbox 1524 709 1661 780; x_wconf 88' lang='lat' dir='ltr'>codices</span> <span class='ocrx_word' id='word_1_51' title='bbox 1691 733 1823 796; x_wconf 82' lang='lat' dir='ltr'>noros,</span> <span class='ocrx_word' id='word_1_52' title='bbox 1856 710 2068 806; x_wconf 90' lang='lat' dir='ltr'>inquorum</span> 
     </span>
     <span class='ocr_line' id='line_1_6' title="bbox 60 795 2068 900; baseline 0 -18"><span class='ocrx_word' id='word_1_53' title='bbox 60 815 122 885; x_wconf 83' lang='lat' dir='ltr'>lare.</span> <span class='ocrx_word' id='word_1_54' title='bbox 167 810 339 882; x_wconf 83' lang='lat' dir='ltr'>Saxoniae</span> <span class='ocrx_word' id='word_1_55' title='bbox 356 831 438 880; x_wconf 82' lang='lat' dir='ltr'>vero</span> <span class='ocrx_word' id='word_1_56' title='bbox 453 821 487 878; x_wconf 92' lang='lat' dir='ltr'>et</span> <span class='ocrx_word' id='word_1_57' title='bbox 510 820 603 878; x_wconf 87' lang='lat' dir='ltr'>astra</span> <span class='ocrx_word' id='word_1_58' title='bbox 620 821 655 878; x_wconf 87' lang='lat' dir='ltr'>et</span> <span class='ocrx_word' id='word_1_59' title='bbox 671 799 866 900; x_wconf 80' lang='lat' dir='ltr'>Lycaonis</span> <span class='ocrx_word' id='word_1_60' title='bbox 882 817 916 874; x_wconf 85' lang='lat' dir='ltr'>et</span> <span class='ocrx_word' id='word_1_61' title='bbox 930 795 1026 872; x_wconf 82' lang='lat' dir='ltr'>Caci</span> <span class='ocrx_word' id='word_1_62' title='bbox 1074 826 1149 872; x_wconf 90' lang='lat' dir='ltr'>uno</span> <span class='ocrx_word' id='word_1_63' title='bbox 1165 801 1354 878; x_wconf 86' lang='lat' dir='ltr'>Francicae</span> <span class='ocrx_word' id='word_1_64' title='bbox 1368 807 1460 897; x_wconf 79' lang='lat' dir='ltr'>leges</span> <span class='ocrx_word' id='word_1_65' title='bbox 1476 823 1634 880; x_wconf 89' lang='lat' dir='ltr'>vetustae</span> <span class='ocrx_word' id='word_1_66' title='bbox 1649 813 1890 884; x_wconf 86' lang='lat' dir='ltr'>continentur.</span> <span class='ocrx_word' id='word_1_67' title='bbox 1942 810 2068 884; x_wconf 89' lang='lat' dir='ltr'>Gentis</span> 
     </span>
     <span class='ocr_line' id='line_1_7' title="bbox 58 906 2070 1006; baseline 0.001 -24"><span class='ocrx_word' id='word_1_68' title='bbox 58 915 165 984; x_wconf 83' lang='lat' dir='ltr'>lusores</span> <span class='ocrx_word' id='word_1_69' title='bbox 180 906 393 983; x_wconf 82' lang='lat' dir='ltr'>minitantur</span> <span class='ocrx_word' id='word_1_70' title='bbox 409 935 482 978; x_wconf 88' lang='lat' dir='ltr'>non</span> <span class='ocrx_word' id='word_1_71' title='bbox 498 909 590 980; x_wconf 87' lang='lat' dir='ltr'>leves</span> <span class='ocrx_word' id='word_1_72' title='bbox 605 922 735 982; x_wconf 87' lang='lat' dir='ltr'>motus.</span> <span class='ocrx_word' id='word_1_73' title='bbox 773 906 1022 978; x_wconf 90' lang='lat' dir='ltr'>Namiuurbe</span> <span class='ocrx_word' id='word_1_74' title='bbox 1074 917 1154 976; x_wconf 82' lang='lat' dir='ltr'>tuae</span> <span class='ocrx_word' id='word_1_75' title='bbox 1175 906 1314 991; x_wconf 87' lang='lat' dir='ltr'>laudes,</span> <span class='ocrx_word' id='word_1_76' title='bbox 1347 933 1452 1002; x_wconf 85' lang='lat' dir='ltr'>quam</span> <span class='ocrx_word' id='word_1_77' title='bbox 1475 911 1604 1001; x_wconf 80' lang='lat' dir='ltr'><strong>diligo,</strong></span> <span class='ocrx_word' id='word_1_78' title='bbox 1636 908 1726 982; x_wconf 90' lang='lat' dir='ltr'>mihi</span> <span class='ocrx_word' id='word_1_79' title='bbox 1750 914 1977 1006; x_wconf 87' lang='lat' dir='ltr'>placuerunt,</span> <span class='ocrx_word' id='word_1_80' title='bbox 2008 916 2070 984; x_wconf 91' lang='lat' dir='ltr'>scd</span> 
     </span>
     <span class='ocr_line' id='line_1_8' title="bbox 57 1003 2069 1108; baseline 0 -22"><span class='ocrx_word' id='word_1_81' title='bbox 57 1010 243 1108; x_wconf 72' lang='lat' dir='ltr'>Bransrign</span> <span class='ocrx_word' id='word_1_82' title='bbox 268 1035 389 1083; x_wconf 87' lang='lat' dir='ltr'>recens</span> <span class='ocrx_word' id='word_1_83' title='bbox 414 1026 565 1105; x_wconf 85' lang='lat' dir='ltr'>quatuor</span> <span class='ocrx_word' id='word_1_84' title='bbox 582 1011 675 1082; x_wconf 86' lang='lat' dir='ltr'>cives</span> <span class='ocrx_word' id='word_1_85' title='bbox 697 1008 871 1104; x_wconf 90' lang='lat' dir='ltr'>supplicio</span> <span class='ocrx_word' id='word_1_86' title='bbox 896 1005 1021 1076; x_wconf 83' lang='lat' dir='ltr'>adlecti</span> <span class='ocrx_word' id='word_1_87' title='bbox 1075 1003 1138 1077; x_wconf 81' lang='lat' dir='ltr'>tras</span> <span class='ocrx_word' id='word_1_88' title='bbox 1163 1031 1204 1078; x_wconf 81' lang='lat' dir='ltr'>ex</span> <span class='ocrx_word' id='word_1_89' title='bbox 1227 1009 1307 1078; x_wconf 89' lang='lat' dir='ltr'>aliis</span> <span class='ocrx_word' id='word_1_90' title='bbox 1327 1013 1569 1084; x_wconf 74' lang='lat' dir='ltr'>monumentis</span> <span class='ocrx_word' id='word_1_91' title='bbox 1592 1035 1730 1083; x_wconf 89' lang='lat' dir='ltr'>sumere</span> <span class='ocrx_word' id='word_1_92' title='bbox 1747 1038 1947 1107; x_wconf 89' lang='lat' dir='ltr'>possumus.</span> <span class='ocrx_word' id='word_1_93' title='bbox 1996 1013 2069 1086; x_wconf 66' lang='lat' dir='ltr'>Iase</span> 
     </span>
     <span class='ocr_line' id='line_1_9' title="bbox 55 1106 2068 1208; baseline 0 -21"><span class='ocrx_word' id='word_1_94' title='bbox 55 1131 134 1202; x_wconf 89' lang='lat' dir='ltr'>suat,</span> <span class='ocrx_word' id='word_1_95' title='bbox 155 1126 335 1208; x_wconf 86' lang='lat' dir='ltr'>propterea</span> <span class='ocrx_word' id='word_1_96' title='bbox 361 1114 457 1207; x_wconf 89' lang='lat' dir='ltr'>quod</span> <span class='ocrx_word' id='word_1_97' title='bbox 481 1106 657 1206; x_wconf 76' lang='lat' dir='ltr'>Lycaoni</span> <span class='ocrx_word' id='word_1_98' title='bbox 679 1113 805 1184; x_wconf 90' lang='lat' dir='ltr'>urbem</span> <span class='ocrx_word' id='word_1_99' title='bbox 830 1107 1022 1202; x_wconf 74' lang='lat' dir='ltr'>patefacere</span> <span class='ocrx_word' id='word_1_100' title='bbox 1074 1132 1156 1197; x_wconf 84' lang='lat' dir='ltr'>gum</span> <span class='ocrx_word' id='word_1_101' title='bbox 1174 1110 1349 1180; x_wconf 87' lang='lat' dir='ltr'>rusticitas</span> <span class='ocrx_word' id='word_1_102' title='bbox 1375 1115 1531 1184; x_wconf 79' lang='lat' dir='ltr'>ostendit</span> <span class='ocrx_word' id='word_1_103' title='bbox 1552 1115 1670 1208; x_wconf 90' lang='lat' dir='ltr'>qualrs</span> <span class='ocrx_word' id='word_1_104' title='bbox 1688 1116 1762 1186; x_wconf 88' lang='lat' dir='ltr'>sint</span> <span class='ocrx_word' id='word_1_105' title='bbox 1776 1117 1983 1208; x_wconf 80' lang='lat' dir='ltr'>scriptores,</span> <span class='ocrx_word' id='word_1_106' title='bbox 2004 1117 2068 1190; x_wconf 91' lang='lat' dir='ltr'>ubi</span> 
     </span>
     <span class='ocr_line' id='line_1_10' title="bbox 55 1205 2070 1310; baseline 0 -20"><span class='ocrx_word' id='word_1_107' title='bbox 55 1217 149 1290; x_wconf 82' lang='lat' dir='ltr'>tanati</span> <span class='ocrx_word' id='word_1_108' title='bbox 164 1229 255 1292; x_wconf 86' lang='lat' dir='ltr'>suat.</span> <span class='ocrx_word' id='word_1_109' title='bbox 306 1213 473 1288; x_wconf 78' lang='lat' dir='ltr'>Narratio</span> <span class='ocrx_word' id='word_1_110' title='bbox 490 1213 698 1304; x_wconf 76' lang='lat' dir='ltr'>Imperatori</span> <span class='ocrx_word' id='word_1_111' title='bbox 720 1213 825 1282; x_wconf 88' lang='lat' dir='ltr'>missa</span> <span class='ocrx_word' id='word_1_112' title='bbox 850 1223 919 1296; x_wconf 92' lang='lat' dir='ltr'>est,</span> <span class='ocrx_word' id='word_1_113' title='bbox 943 1222 1022 1278; x_wconf 89' lang='lat' dir='ltr'>tan·</span> <span class='ocrx_word' id='word_1_114' title='bbox 1074 1205 1159 1279; x_wconf 88' lang='lat' dir='ltr'>haec</span> <span class='ocrx_word' id='word_1_115' title='bbox 1179 1225 1298 1284; x_wconf 86' lang='lat' dir='ltr'>nostra</span> <span class='ocrx_word' id='word_1_116' title='bbox 1320 1213 1436 1284; x_wconf 90' lang='lat' dir='ltr'>studia</span> <span class='ocrx_word' id='word_1_117' title='bbox 1460 1215 1719 1310; x_wconf 87' lang='lat' dir='ltr'>qualiacunque</span> <span class='ocrx_word' id='word_1_118' title='bbox 1743 1218 2001 1304; x_wconf 89' lang='lat' dir='ltr'>conticescunt,</span> <span class='ocrx_word' id='word_1_119' title='bbox 2035 1233 2070 1292; x_wconf 88' lang='lat' dir='ltr'>et</span> 
     </span>
     <span class='ocr_line' id='line_1_11' title="bbox 54 1313 2070 1412; baseline -0 -21"><span class='ocrx_word' id='word_1_120' title='bbox 54 1319 386 1412; x_wconf 87' lang='lat' dir='ltr'>tumqueauimnrum</span> <span class='ocrx_word' id='word_1_121' title='bbox 400 1330 504 1410; x_wconf 86' lang='lat' dir='ltr'>atque</span> <span class='ocrx_word' id='word_1_122' title='bbox 518 1316 684 1388; x_wconf 90' lang='lat' dir='ltr'>odiorum</span> <span class='ocrx_word' id='word_1_123' title='bbox 700 1313 906 1386; x_wconf 82' lang='lat' dir='ltr'>incendium</span> <span class='ocrx_word' id='word_1_124' title='bbox 922 1335 962 1380; x_wconf 88' lang='lat' dir='ltr'>cx</span> <span class='ocrx_word' id='word_1_125' title='bbox 981 1334 1022 1380; x_wconf 90' lang='lat' dir='ltr'>eo</span> <span class='ocrx_word' id='word_1_126' title='bbox 1073 1326 1190 1382; x_wconf 87' lang='lat' dir='ltr'>tamen</span> <span class='ocrx_word' id='word_1_127' title='bbox 1214 1314 1323 1403; x_wconf 79' lang='lat' dir='ltr'>magis</span> <span class='ocrx_word' id='word_1_128' title='bbox 1348 1318 1535 1386; x_wconf 89' lang='lat' dir='ltr'>metuenda</span> <span class='ocrx_word' id='word_1_129' title='bbox 1554 1329 1605 1388; x_wconf 91' lang='lat' dir='ltr'>est</span> <span class='ocrx_word' id='word_1_130' title='bbox 1626 1317 1806 1389; x_wconf 89' lang='lat' dir='ltr'>barbaries</span> <span class='ocrx_word' id='word_1_131' title='bbox 1824 1319 1862 1388; x_wconf 91' lang='lat' dir='ltr'>in</span> <span class='ocrx_word' id='word_1_132' title='bbox 1885 1319 2070 1411; x_wconf 81' lang='lat' dir='ltr'>religione,</span> 
     </span>
     <span class='ocr_line' id='line_1_12' title="bbox 53 1408 2068 1516; baseline 0 -24"><span class='ocrx_word' id='word_1_133' title='bbox 53 1421 158 1492; x_wconf 87' lang='lat' dir='ltr'>scelere</span> <span class='ocrx_word' id='word_1_134' title='bbox 173 1432 290 1492; x_wconf 89' lang='lat' dir='ltr'>ortum</span> <span class='ocrx_word' id='word_1_135' title='bbox 304 1431 367 1504; x_wconf 90' lang='lat' dir='ltr'>est,</span> <span class='ocrx_word' id='word_1_136' title='bbox 390 1433 431 1490; x_wconf 93' lang='lat' dir='ltr'>ut</span> <span class='ocrx_word' id='word_1_137' title='bbox 447 1441 514 1509; x_wconf 80' lang='lat' dir='ltr'>pax</span> <span class='ocrx_word' id='word_1_138' title='bbox 528 1418 661 1508; x_wconf 90' lang='lat' dir='ltr'>sperari</span> <span class='ocrx_word' id='word_1_139' title='bbox 675 1441 749 1488; x_wconf 89' lang='lat' dir='ltr'>nou</span> <span class='ocrx_word' id='word_1_140' title='bbox 763 1415 883 1508; x_wconf 83' lang='lat' dir='ltr'>possit.</span> <span class='ocrx_word' id='word_1_141' title='bbox 913 1408 1023 1508; x_wconf 76' lang='grc' dir='ltr'>ὕβρις</span> <span class='ocrx_word' id='word_1_142' title='bbox 1074 1413 1224 1484; x_wconf 79' lang='lat' dir='ltr'>extincta</span> <span class='ocrx_word' id='word_1_143' title='bbox 1239 1409 1305 1485; x_wconf 87' lang='lat' dir='ltr'>bae</span> <span class='ocrx_word' id='word_1_144' title='bbox 1317 1416 1429 1486; x_wconf 88' lang='lat' dir='ltr'>torma</span> <span class='ocrx_word' id='word_1_145' title='bbox 1445 1419 1637 1504; x_wconf 88' lang='lat' dir='ltr'>doctrinae,</span> <span class='ocrx_word' id='word_1_146' title='bbox 1655 1443 1762 1514; x_wconf 89' lang='lat' dir='ltr'>quam</span> <span class='ocrx_word' id='word_1_147' title='bbox 1775 1433 1956 1516; x_wconf 86' lang='lat' dir='ltr'>utcunque</span> <span class='ocrx_word' id='word_1_148' title='bbox 1971 1445 2068 1494; x_wconf 86' lang='lat' dir='ltr'>nunc</span> 
     </span>
     <span class='ocr_line' id='line_1_13' title="bbox 51 1511 2067 1620; baseline -0 -25"><span class='ocrx_word' id='word_1_149' title='bbox 51 1517 94 1596; x_wconf 81' lang='lat' dir='ltr'>cci</span> <span class='ocrx_word' id='word_1_150' title='bbox 106 1526 297 1620; x_wconf 76' lang='grc' dir='ltr'>μαγνῆτας</span> <span class='ocrx_word' id='word_1_151' title='bbox 310 1512 474 1592; x_wconf 75' lang='grc' dir='ltr'><em>ἀπώλεσε</em></span> <span class='ocrx_word' id='word_1_152' title='bbox 488 1515 552 1592; x_wconf 80' lang='grc' dir='ltr'>καὶ</span> <span class='ocrx_word' id='word_1_153' title='bbox 565 1523 778 1614; x_wconf 79' lang='grc' dir='ltr'><strong><em>κολοφῶνα.</em></strong></span> <span class='ocrx_word' id='word_1_154' title='bbox 830 1511 965 1586; x_wconf 80' lang='lat' dir='ltr'>Eadem</span> <span class='ocrx_word' id='word_1_155' title='bbox 988 1527 1022 1584; x_wconf 91' lang='lat' dir='ltr'>et</span> <span class='ocrx_word' id='word_1_156' title='bbox 1074 1515 1285 1586; x_wconf 86' lang='lat' dir='ltr'>eruditiores</span> <span class='ocrx_word' id='word_1_157' title='bbox 1317 1519 1597 1608; x_wconf 88' lang='lat' dir='ltr'>amplectuntur,</span> <span class='ocrx_word' id='word_1_158' title='bbox 1639 1545 1705 1592; x_wconf 91' lang='lat' dir='ltr'>nec</span> <span class='ocrx_word' id='word_1_159' title='bbox 1738 1523 1861 1612; x_wconf 90' lang='lat' dir='ltr'>procul</span> <span class='ocrx_word' id='word_1_160' title='bbox 1895 1546 1984 1614; x_wconf 87' lang='lat' dir='ltr'>opus</span> <span class='ocrx_word' id='word_1_161' title='bbox 2016 1537 2067 1594; x_wconf 92' lang='lat' dir='ltr'>est</span> 
     </span>
     <span class='ocr_line' id='line_1_14' title="bbox 51 1615 2069 1719; baseline 0 -25"><span class='ocrx_word' id='word_1_162' title='bbox 51 1625 91 1696; x_wconf 89' lang='lat' dir='ltr'>isti</span> <span class='ocrx_word' id='word_1_163' title='bbox 113 1639 260 1719; x_wconf 86' lang='lat' dir='ltr'>tyranno</span> <span class='ocrx_word' id='word_1_164' title='bbox 284 1644 414 1714; x_wconf 91' lang='lat' dir='ltr'>poenas</span> <span class='ocrx_word' id='word_1_165' title='bbox 437 1616 601 1696; x_wconf 82' lang='lat' dir='ltr'>attrahet.</span> <span class='ocrx_word' id='word_1_166' title='bbox 660 1617 702 1690; x_wconf 91' lang='lat' dir='ltr'>ln</span> <span class='ocrx_word' id='word_1_167' title='bbox 728 1615 785 1689; x_wconf 90' lang='lat' dir='ltr'>his</span> <span class='ocrx_word' id='word_1_168' title='bbox 810 1616 1023 1688; x_wconf 87' lang='lat' dir='ltr'>tumultibus</span> <span class='ocrx_word' id='word_1_169' title='bbox 1074 1617 1231 1710; x_wconf 84' lang='lat' dir='ltr'>exempla</span> <span class='ocrx_word' id='word_1_170' title='bbox 1258 1620 1396 1712; x_wconf 91' lang='lat' dir='ltr'>quaeri:</span> <span class='ocrx_word' id='word_1_171' title='bbox 1429 1619 1468 1690; x_wconf 89' lang='lat' dir='ltr'>lu</span> <span class='ocrx_word' id='word_1_172' title='bbox 1491 1616 1706 1716; x_wconf 86' lang='lat' dir='ltr'>labyrinthis</span> <span class='ocrx_word' id='word_1_173' title='bbox 1730 1617 1893 1694; x_wconf 88' lang='lat' dir='ltr'>Thomae</span> <span class='ocrx_word' id='word_1_174' title='bbox 1915 1637 1950 1696; x_wconf 93' lang='lat' dir='ltr'>et</span> <span class='ocrx_word' id='word_1_175' title='bbox 1969 1623 2069 1696; x_wconf 85' lang='lat' dir='ltr'>simi-</span> 
     </span>
     <span class='ocr_line' id='line_1_15' title="bbox 50 1717 2069 1816; baseline 0.001 -20"><span class='ocrx_word' id='word_1_176' title='bbox 50 1727 202 1796; x_wconf 82' lang='lat' dir='ltr'>csstodiat</span> <span class='ocrx_word' id='word_1_177' title='bbox 215 1749 281 1794; x_wconf 90' lang='lat' dir='ltr'>uos</span> <span class='ocrx_word' id='word_1_178' title='bbox 295 1723 410 1794; x_wconf 83' lang='lat' dir='ltr'>Filius</span> <span class='ocrx_word' id='word_1_179' title='bbox 427 1719 508 1806; x_wconf 91' lang='lat' dir='ltr'>Dei,</span> <span class='ocrx_word' id='word_1_180' title='bbox 528 1723 601 1816; x_wconf 93' lang='lat' dir='ltr'>qui,</span> <span class='ocrx_word' id='word_1_181' title='bbox 615 1747 704 1802; x_wconf 82' lang='lat' dir='ltr'>cum</span> <span class='ocrx_word' id='word_1_182' title='bbox 720 1721 789 1794; x_wconf 89' lang='lat' dir='ltr'>tale</span> <span class='ocrx_word' id='word_1_183' title='bbox 801 1719 928 1788; x_wconf 87' lang='lat' dir='ltr'>foedus</span> <span class='ocrx_word' id='word_1_184' title='bbox 942 1741 1022 1788; x_wconf 90' lang='lat' dir='ltr'>cum</span> <span class='ocrx_word' id='word_1_185' title='bbox 1075 1717 1182 1804; x_wconf 90' lang='lat' dir='ltr'>lium,</span> <span class='ocrx_word' id='word_1_186' title='bbox 1207 1721 1404 1812; x_wconf 89' lang='lat' dir='ltr'>portentosi</span> <span class='ocrx_word' id='word_1_187' title='bbox 1421 1745 1558 1793; x_wconf 88' lang='lat' dir='ltr'>errores</span> <span class='ocrx_word' id='word_1_188' title='bbox 1577 1725 1760 1814; x_wconf 74' lang='lat' dir='ltr'>leguntur,</span> <span class='ocrx_word' id='word_1_189' title='bbox 1784 1725 1844 1796; x_wconf 89' lang='lat' dir='ltr'>sed</span> <span class='ocrx_word' id='word_1_190' title='bbox 1862 1719 1949 1796; x_wconf 87' lang='lat' dir='ltr'>haec</span> <span class='ocrx_word' id='word_1_191' title='bbox 1972 1750 2069 1798; x_wconf 88' lang='lat' dir='ltr'>nunc</span> 
     </span>
     <span class='ocr_line' id='line_1_16' title="bbox 50 1815 2069 1919; baseline 0 -23"><span class='ocrx_word' id='word_1_192' title='bbox 50 1851 157 1919; x_wconf 71' lang='lat' dir='ltr'>genere</span> <span class='ocrx_word' id='word_1_193' title='bbox 177 1823 334 1898; x_wconf 89' lang='lat' dir='ltr'>humano</span> <span class='ocrx_word' id='word_1_194' title='bbox 357 1825 498 1908; x_wconf 82' lang='lat' dir='ltr'>lecerit,</span> <span class='ocrx_word' id='word_1_195' title='bbox 529 1838 570 1896; x_wconf 90' lang='lat' dir='ltr'>ut</span> <span class='ocrx_word' id='word_1_196' title='bbox 590 1839 752 1896; x_wconf 87' lang='lat' dir='ltr'>naturam</span> <span class='ocrx_word' id='word_1_197' title='bbox 775 1834 933 1916; x_wconf 82' lang='lat' dir='ltr'>nostram</span> <span class='ocrx_word' id='word_1_198' title='bbox 965 1817 1023 1886; x_wconf 86' lang='lat' dir='ltr'>in·</span> <span class='ocrx_word' id='word_1_199' title='bbox 1074 1820 1211 1892; x_wconf 87' lang='lat' dir='ltr'>omitto.</span> <span class='ocrx_word' id='word_1_200' title='bbox 1244 1819 1319 1891; x_wconf 88' lang='lat' dir='ltr'>Has</span> <span class='ocrx_word' id='word_1_201' title='bbox 1335 1820 1522 1895; x_wconf 82' lang='lat' dir='ltr'>Francicas</span> <span class='ocrx_word' id='word_1_202' title='bbox 1540 1825 1652 1914; x_wconf 79' lang='lat' dir='ltr'>leges,</span> <span class='ocrx_word' id='word_1_203' title='bbox 1676 1827 1741 1896; x_wconf 91' lang='lat' dir='ltr'>ubi</span> <span class='ocrx_word' id='word_1_204' title='bbox 1756 1825 1969 1919; x_wconf 83' lang='lat' dir='ltr'>inspexeris,</span> <span class='ocrx_word' id='word_1_205' title='bbox 1991 1815 2069 1898; x_wconf 82' lang='lat' dir='ltr'>Ca-</span> 
     </span>
     <span class='ocr_line' id='line_1_17' title="bbox 50 1917 2069 2024; baseline 0.001 -26"><span class='ocrx_word' id='word_1_206' title='bbox 50 1931 165 2010; x_wconf 87' lang='lat' dir='ltr'>duerit,</span> <span class='ocrx_word' id='word_1_207' title='bbox 190 1941 283 1998; x_wconf 90' lang='lat' dir='ltr'>certe</span> <span class='ocrx_word' id='word_1_208' title='bbox 299 1939 443 1997; x_wconf 89' lang='lat' dir='ltr'>testatus</span> <span class='ocrx_word' id='word_1_209' title='bbox 460 1937 524 2010; x_wconf 91' lang='lat' dir='ltr'>est,</span> <span class='ocrx_word' id='word_1_210' title='bbox 550 1949 586 1994; x_wconf 89' lang='lat' dir='ltr'>sc</span> <span class='ocrx_word' id='word_1_211' title='bbox 600 1948 681 1996; x_wconf 88' lang='lat' dir='ltr'>vere</span> <span class='ocrx_word' id='word_1_212' title='bbox 694 1923 786 1994; x_wconf 84' lang='lat' dir='ltr'>affici</span> <span class='ocrx_word' id='word_1_213' title='bbox 800 1943 883 1994; x_wconf 88' lang='lat' dir='ltr'>cura</span> <span class='ocrx_word' id='word_1_214' title='bbox 898 1919 1023 1994; x_wconf 89' lang='lat' dir='ltr'>nostri.</span> <span class='ocrx_word' id='word_1_215' title='bbox 1076 1917 1248 1992; x_wconf 80' lang='lat' dir='ltr'>rolovicr&#39;o</span> <span class='ocrx_word' id='word_1_216' title='bbox 1269 1923 1410 1998; x_wconf 87' lang='lat' dir='ltr'>mittere</span> <span class='ocrx_word' id='word_1_217' title='bbox 1433 1927 1584 2018; x_wconf 88' lang='lat' dir='ltr'>poteris,</span> <span class='ocrx_word' id='word_1_218' title='bbox 1609 1951 1715 2024; x_wconf 87' lang='lat' dir='ltr'>quem</span> <span class='ocrx_word' id='word_1_219' title='bbox 1733 1927 1801 1999; x_wconf 87' lang='lat' dir='ltr'>scis</span> <span class='ocrx_word' id='word_1_220' title='bbox 1816 1927 1983 2002; x_wconf 85' lang='lat' dir='ltr'>delectari</span> <span class='ocrx_word' id='word_1_221' title='bbox 2002 1953 2069 2002; x_wconf 86' lang='lat' dir='ltr'>an-</span> 
     </span>
     <span class='ocr_line' id='line_1_18' title="bbox 50 2023 1583 2120; baseline -0.003 -20"><span class='ocrx_word' id='word_1_222' title='bbox 50 2027 161 2101; x_wconf 88' lang='lat' dir='ltr'>Orem</span> <span class='ocrx_word' id='word_1_223' title='bbox 183 2030 448 2112; x_wconf 87' lang='lat' dir='ltr'>admirandam,</span> <span class='ocrx_word' id='word_1_224' title='bbox 473 2029 568 2120; x_wconf 89' lang='lat' dir='ltr'>quod</span> <span class='ocrx_word' id='word_1_225' title='bbox 594 2026 717 2098; x_wconf 86' lang='lat' dir='ltr'>diviua</span> <span class='ocrx_word' id='word_1_226' title='bbox 738 2037 866 2096; x_wconf 88' lang='lat' dir='ltr'>natura</span> <span class='ocrx_word' id='word_1_227' title='bbox 882 2023 970 2094; x_wconf 90' lang='lat' dir='ltr'>adeo</span> <span class='ocrx_word' id='word_1_228' title='bbox 987 2044 1023 2090; x_wconf 89' lang='lat' dir='ltr'>se</span> <span class='ocrx_word' id='word_1_229' title='bbox 1075 2023 1182 2118; x_wconf 79' lang='lat' dir='ltr'>liquis</span> <span class='ocrx_word' id='word_1_230' title='bbox 1206 2027 1458 2098; x_wconf 83' lang='lat' dir='ltr'>monumentis.</span> <span class='ocrx_word' id='word_1_231' title='bbox 1582 2055 1583 2058; x_wconf 41' lang='lat'>¹</span> 
     </span>
     <span class='ocr_line' id='line_1_19' title="bbox 49 2119 2069 2231; baseline 0.002 -28"><span class='ocrx_word' id='word_1_232' title='bbox 49 2133 170 2216; x_wconf 81' lang='lat' dir='ltr'>abiecit,</span> <span class='ocrx_word' id='word_1_233' title='bbox 194 2125 439 2202; x_wconf 88' lang='lat' dir='ltr'>uthocmodo</span> <span class='ocrx_word' id='word_1_234' title='bbox 456 2127 630 2198; x_wconf 91' lang='lat' dir='ltr'>internos</span> <span class='ocrx_word' id='word_1_235' title='bbox 646 2139 854 2224; x_wconf 84' lang='lat' dir='ltr'>versaretur.</span> <span class='ocrx_word' id='word_1_236' title='bbox 890 2119 927 2196; x_wconf 93' lang='grc' dir='ltr'>Ο</span> <span class='ocrx_word' id='word_1_237' title='bbox 944 2124 1023 2214; x_wconf 92' lang='lat' dir='ltr'>plus</span> <span class='ocrx_word' id='word_1_238' title='bbox 1084 2160 1091 2231; x_wconf 68' lang='lat'>1</span> <span class='ocrx_word' id='word_1_239' title='bbox 1176 2125 1300 2218; x_wconf 85' lang='lat' dir='ltr'>Nuper</span> <span class='ocrx_word' id='word_1_240' title='bbox 1320 2123 1409 2198; x_wconf 91' lang='lat' dir='ltr'>mihi</span> <span class='ocrx_word' id='word_1_241' title='bbox 1433 2152 1508 2198; x_wconf 90' lang='lat' dir='ltr'>uon</span> <span class='ocrx_word' id='word_1_242' title='bbox 1527 2127 1691 2202; x_wconf 89' lang='lat' dir='ltr'>venitin</span> <span class='ocrx_word' id='word_1_243' title='bbox 1718 2145 1893 2218; x_wconf 88' lang='lat' dir='ltr'>mentem,</span> <span class='ocrx_word' id='word_1_244' title='bbox 1924 2157 2069 2208; x_wconf 86' lang='lat' dir='ltr'>narrare</span> 
     </span>
     <span class='ocr_line' id='line_1_20' title="bbox 48 2221 2069 2328; baseline 0.002 -24"><span class='ocrx_word' id='word_1_245' title='bbox 48 2259 137 2328; x_wconf 87' lang='lat' dir='ltr'>qaam</span> <span class='ocrx_word' id='word_1_246' title='bbox 151 2234 263 2304; x_wconf 87' lang='lat' dir='ltr'>terrea</span> <span class='ocrx_word' id='word_1_247' title='bbox 275 2243 416 2324; x_wconf 90' lang='lat' dir='ltr'>pectora</span> <span class='ocrx_word' id='word_1_248' title='bbox 435 2223 641 2314; x_wconf 87' lang='lat' dir='ltr'>homiuum,</span> <span class='ocrx_word' id='word_1_249' title='bbox 665 2231 760 2323; x_wconf 90' lang='lat' dir='ltr'>quod</span> <span class='ocrx_word' id='word_1_250' title='bbox 778 2241 840 2298; x_wconf 90' lang='lat' dir='ltr'>aut</span> <span class='ocrx_word' id='word_1_251' title='bbox 855 2221 947 2296; x_wconf 91' lang='lat' dir='ltr'>nibil</span> <span class='ocrx_word' id='word_1_252' title='bbox 964 2235 1024 2296; x_wconf 89' lang='lat' dir='ltr'>aut</span> <span class='ocrx_word' id='word_1_253' title='bbox 1077 2251 1131 2294; x_wconf 75' lang='lat' dir='ltr'>sne</span> <span class='ocrx_word' id='word_1_254' title='bbox 1152 2227 1189 2295; x_wconf 89' lang='lat' dir='ltr'>in</span> <span class='ocrx_word' id='word_1_255' title='bbox 1211 2228 1428 2320; x_wconf 84' lang='lat' dir='ltr'>supellectile</span> <span class='ocrx_word' id='word_1_256' title='bbox 1448 2255 1527 2302; x_wconf 88' lang='lat' dir='ltr'>mea</span> <span class='ocrx_word' id='word_1_257' title='bbox 1548 2232 1760 2326; x_wconf 83' lang='lat' dir='ltr'>quaesivisse</span> <span class='ocrx_word' id='word_1_258' title='bbox 1783 2249 1935 2306; x_wconf 84' lang='lat' dir='ltr'>veterem</span> <span class='ocrx_word' id='word_1_259' title='bbox 1960 2236 2069 2310; x_wconf 89' lang='lat' dir='ltr'>inter-</span> 
     </span>
     <span class='ocr_line' id='line_1_21' title="bbox 49 2328 2071 2421; baseline 0.003 -19"><span class='ocrx_word' id='word_1_260' title='bbox 49 2335 155 2408; x_wconf 88' lang='lat' dir='ltr'>luiter</span> <span class='ocrx_word' id='word_1_261' title='bbox 186 2347 362 2408; x_wconf 88' lang='lat' dir='ltr'>tantarum</span> <span class='ocrx_word' id='word_1_262' title='bbox 397 2355 517 2402; x_wconf 87' lang='lat' dir='ltr'>rerum</span> <span class='ocrx_word' id='word_1_263' title='bbox 554 2331 765 2421; x_wconf 81' lang='lat' dir='ltr'>cogitatione</span> <span class='ocrx_word' id='word_1_264' title='bbox 797 2328 1024 2398; x_wconf 84' lang='lat' dir='ltr'>adficiuntur.</span> <span class='ocrx_word' id='word_1_265' title='bbox 1077 2329 1308 2418; x_wconf 88' lang='lat' dir='ltr'>pretationem</span> <span class='ocrx_word' id='word_1_266' title='bbox 1328 2331 1556 2421; x_wconf 91' lang='lat' dir='ltr'>politicorum</span> <span class='ocrx_word' id='word_1_267' title='bbox 1573 2347 1609 2404; x_wconf 91' lang='lat' dir='ltr'>et</span> <span class='ocrx_word' id='word_1_268' title='bbox 1626 2335 1935 2408; x_wconf 82' lang='lat' dir='ltr'>oeconomicomm</span> <span class='ocrx_word' id='word_1_269' title='bbox 1957 2339 2071 2410; x_wconf 89' lang='lat' dir='ltr'>libro·</span> 
     </span>
     <span class='ocr_line' id='line_1_22' title="bbox 50 2427 2070 2532; baseline 0.002 -26"><span class='ocrx_word' id='word_1_270' title='bbox 50 2435 97 2508; x_wconf 79' lang='lat' dir='ltr'>Sed</span> <span class='ocrx_word' id='word_1_271' title='bbox 115 2439 232 2530; x_wconf 86' lang='lat' dir='ltr'>ipsum</span> <span class='ocrx_word' id='word_1_272' title='bbox 249 2433 382 2506; x_wconf 83' lang='lat' dir='ltr'>Filium</span> <span class='ocrx_word' id='word_1_273' title='bbox 397 2430 464 2504; x_wconf 89' lang='lat' dir='ltr'>Dei</span> <span class='ocrx_word' id='word_1_274' title='bbox 480 2458 565 2515; x_wconf 89' lang='lat' dir='ltr'>oro,</span> <span class='ocrx_word' id='word_1_275' title='bbox 586 2447 627 2504; x_wconf 90' lang='lat' dir='ltr'>ut</span> <span class='ocrx_word' id='word_1_276' title='bbox 647 2445 766 2504; x_wconf 90' lang='lat' dir='ltr'>nostra</span> <span class='ocrx_word' id='word_1_277' title='bbox 783 2431 890 2500; x_wconf 90' lang='lat' dir='ltr'>corda</span> <span class='ocrx_word' id='word_1_278' title='bbox 908 2427 1026 2500; x_wconf 85' lang='lat' dir='ltr'>flectat</span> <span class='ocrx_word' id='word_1_279' title='bbox 1076 2453 1155 2500; x_wconf 92' lang='lat' dir='ltr'>rum</span> <span class='ocrx_word' id='word_1_280' title='bbox 1179 2430 1397 2523; x_wconf 78' lang='lat' dir='ltr'>Aristotelis,</span> <span class='ocrx_word' id='word_1_281' title='bbox 1428 2429 1521 2504; x_wconf 75' lang='lat' dir='ltr'>attat</span> <span class='ocrx_word' id='word_1_282' title='bbox 1548 2429 1569 2506; x_wconf 84' lang='grc' dir='ltr'><em>ὅ</em></span> <span class='ocrx_word' id='word_1_283' title='bbox 1591 2429 1774 2532; x_wconf 77' lang='grc' dir='ltr'>δραπέτης</span> <span class='ocrx_word' id='word_1_284' title='bbox 1799 2433 1977 2532; x_wconf 78' lang='grc' dir='ltr'><strong><em>σκλαβός,</em></strong></span> <span class='ocrx_word' id='word_1_285' title='bbox 2012 2441 2070 2511; x_wconf 86' lang='lat' dir='ltr'>cni</span> 
     </span>
     <span class='ocr_line' id='line_1_23' title="bbox 47 2526 2069 2628; baseline 0.002 -22"><span class='ocrx_word' id='word_1_286' title='bbox 47 2539 208 2612; x_wconf 85' lang='lat' dir='ltr'>adomnia</span> <span class='ocrx_word' id='word_1_287' title='bbox 225 2537 339 2608; x_wconf 76' lang='lat' dir='ltr'>officia</span> <span class='ocrx_word' id='word_1_288' title='bbox 357 2536 423 2628; x_wconf 83' lang='lat' dir='ltr'>ipsi</span> <span class='ocrx_word' id='word_1_289' title='bbox 440 2549 549 2626; x_wconf 76' lang='lat' dir='ltr'>grata.</span> <span class='ocrx_word' id='word_1_290' title='bbox 600 2526 852 2625; x_wconf 53' lang='lat' dir='ltr'>ueneram)</span> <span class='ocrx_word' id='word_1_291' title='bbox 1075 2533 1146 2602; x_wconf 89' lang='lat' dir='ltr'>scio</span> <span class='ocrx_word' id='word_1_292' title='bbox 1181 2557 1237 2602; x_wconf 92' lang='lat' dir='ltr'>me</span> <span class='ocrx_word' id='word_1_293' title='bbox 1262 2535 1414 2604; x_wconf 90' lang='lat' dir='ltr'>utendos</span> <span class='ocrx_word' id='word_1_294' title='bbox 1439 2535 1599 2622; x_wconf 88' lang='lat' dir='ltr'>dedisse,</span> <span class='ocrx_word' id='word_1_295' title='bbox 1639 2559 1713 2607; x_wconf 91' lang='lat' dir='ltr'>non</span> <span class='ocrx_word' id='word_1_296' title='bbox 1738 2539 1906 2609; x_wconf 83' lang='lat' dir='ltr'>reddidit.</span> <span class='ocrx_word' id='word_1_297' title='bbox 1963 2564 2069 2611; x_wconf 89' lang='lat' dir='ltr'>omen</span> 
     </span>
     <span class='ocr_line' id='line_1_24' title="bbox 546 2633 1252 2746; baseline -0.007 -24"><span class='ocrx_word' id='word_1_298' title='bbox 546 2648 734 2746; x_wconf 87' lang='lat' dir='ltr'>Philippus</span> <span class='ocrx_word' id='word_1_299' title='bbox 748 2643 974 2724; x_wconf 82' lang='lat' dir='ltr'>Melanthum</span> <span class='ocrx_word' id='word_1_300' title='bbox 1076 2633 1252 2728; x_wconf 61' lang='lat' dir='ltr'>ditpllstl·</span> 
     </span>
     <span class='ocr_line' id='line_1_25' title="bbox 1178 2733 2072 2835; baseline 0.011 -31"><span class='ocrx_word' id='word_1_301' title='bbox 1178 2733 1358 2808; x_wconf 88' lang='lat' dir='ltr'>Mittimus</span> <span class='ocrx_word' id='word_1_302' title='bbox 1382 2737 1450 2810; x_wconf 92' lang='lat' dir='ltr'>tibi</span> <span class='ocrx_word' id='word_1_303' title='bbox 1479 2739 1633 2820; x_wconf 85' lang='lat' dir='ltr'>litteras,</span> <span class='ocrx_word' id='word_1_304' title='bbox 1668 2761 1756 2835; x_wconf 86' lang='lat' dir='ltr'>quas</span> <span class='ocrx_word' id='word_1_305' title='bbox 1782 2739 1860 2811; x_wconf 86' lang='lat' dir='ltr'>viro</span> <span class='ocrx_word' id='word_1_306' title='bbox 1881 2739 2017 2834; x_wconf 91' lang='lat' dir='ltr'>optimo</span> <span class='ocrx_word' id='word_1_307' title='bbox 2038 2755 2072 2814; x_wconf 90' lang='lat' dir='ltr'>et</span> 
     </span>
     <span class='ocr_line' id='line_1_26' title="bbox 1011 2817 2073 2934; baseline 0.008 -29"><span class='ocrx_word' id='word_1_308' title='bbox 1011 2865 1022 2878; x_wconf 95' lang='lat'><strong>·</strong></span> <span class='ocrx_word' id='word_1_309' title='bbox 1077 2837 1316 2910; x_wconf 89' lang='lat' dir='ltr'>eruditissimo</span> <span class='ocrx_word' id='word_1_310' title='bbox 1339 2861 1469 2932; x_wconf 81' lang='lat' dir='ltr'>genero</span> <span class='ocrx_word' id='word_1_311' title='bbox 1493 2855 1555 2912; x_wconf 91' lang='lat' dir='ltr'>tuo</span> <span class='ocrx_word' id='word_1_312' title='bbox 1571 2835 1600 2934; x_wconf 79' lang='lat'>²)</span> <span class='ocrx_word' id='word_1_313' title='bbox 1625 2853 1665 2912; x_wconf 90' lang='lat' dir='ltr'>ut</span> <span class='ocrx_word' id='word_1_314' title='bbox 1686 2839 1823 2928; x_wconf 87' lang='lat' dir='ltr'>mittas,</span> <span class='ocrx_word' id='word_1_315' title='bbox 1855 2817 2073 2916; x_wconf 73' lang='lat' dir='ltr'>exhib&#39;endas</span> 
     </span>
     <span class='ocr_line' id='line_1_27' title="bbox 1078 2933 2075 3036; baseline 0.006 -28"><span class='ocrx_word' id='word_1_316' title='bbox 1078 2933 1297 3036; x_wconf 81' lang='lat' dir='ltr'>ersnno²),</span> <span class='ocrx_word' id='word_1_317' title='bbox 1332 2943 1436 3012; x_wconf 85' lang='lat' dir='ltr'>valde</span> <span class='ocrx_word' id='word_1_318' title='bbox 1460 2955 1494 3012; x_wconf 90' lang='lat' dir='ltr'>te</span> <span class='ocrx_word' id='word_1_319' title='bbox 1516 2969 1598 3027; x_wconf 89' lang='lat' dir='ltr'>oro,</span> <span class='ocrx_word' id='word_1_320' title='bbox 1620 2955 1716 3034; x_wconf 89' lang='lat' dir='ltr'>petes</span> <span class='ocrx_word' id='word_1_321' title='bbox 1731 2942 1856 3024; x_wconf 88' lang='lat' dir='ltr'>etiam,</span> <span class='ocrx_word' id='word_1_322' title='bbox 1883 2957 1923 3014; x_wconf 90' lang='lat' dir='ltr'>ut</span> <span class='ocrx_word' id='word_1_323' title='bbox 1939 2937 2075 3014; x_wconf 81' lang='lat' dir='ltr'>Lasa-</span> 
     </span>
     <span class='ocr_line' id='line_1_28' title="bbox 46 3032 2075 3138; baseline 0.003 -28"><span class='ocrx_word' id='word_1_324' title='bbox 46 3039 105 3116; x_wconf 77' lang='lat' dir='ltr'>llo.</span> <span class='ocrx_word' id='word_1_325' title='bbox 122 3035 234 3112; x_wconf 76' lang='lat'>4655.</span> <span class='ocrx_word' id='word_1_326' title='bbox 855 3036 932 3116; x_wconf 86' lang='lat' dir='ltr'>(to.</span> <span class='ocrx_word' id='word_1_327' title='bbox 944 3032 1025 3114; x_wconf 80' lang='lat' dir='ltr'>tao.)</span> <span class='ocrx_word' id='word_1_328' title='bbox 1078 3063 1148 3110; x_wconf 74' lang='lat' dir='ltr'>nris</span> <span class='ocrx_word' id='word_1_329' title='bbox 1163 3042 1280 3112; x_wconf 92' lang='lat' dir='ltr'>statim</span> <span class='ocrx_word' id='word_1_330' title='bbox 1296 3043 1518 3135; x_wconf 88' lang='lat' dir='ltr'>respondeat.</span> <span class='ocrx_word' id='word_1_331' title='bbox 1567 3036 1810 3115; x_wconf 82' lang='lat' dir='ltr'>Dededr&#39;ndas</span> <span class='ocrx_word' id='word_1_332' title='bbox 1824 3043 1999 3138; x_wconf 89' lang='lat' dir='ltr'>Sponsam</span> <span class='ocrx_word' id='word_1_333' title='bbox 2014 3069 2075 3116; x_wconf 77' lang='lat' dir='ltr'>ex-</span> 
     </span>
     <span class='ocr_line' id='line_1_29' title="bbox 45 3125 2075 3238; baseline 0.004 -31"><span class='ocrx_word' id='word_1_334' title='bbox 45 3135 247 3172; x_wconf 54' lang='lat' dir='ltr'>som</span> <span class='ocrx_word' id='word_1_335' title='bbox 857 3125 1023 3156; x_wconf 53' lang='grc' dir='ltr'>Μ</span> <span class='ocrx_word' id='word_1_336' title='bbox 1078 3144 1170 3235; x_wconf 88' lang='lat' dir='ltr'>cepit</span> <span class='ocrx_word' id='word_1_337' title='bbox 1194 3145 1369 3230; x_wconf 88' lang='lat' dir='ltr'>carmine,</span> <span class='ocrx_word' id='word_1_338' title='bbox 1395 3147 1490 3234; x_wconf 90' lang='lat' dir='ltr'>quod</span> <span class='ocrx_word' id='word_1_339' title='bbox 1515 3145 1644 3238; x_wconf 92' lang='lat' dir='ltr'>opinor</span> <span class='ocrx_word' id='word_1_340' title='bbox 1668 3161 1702 3216; x_wconf 91' lang='lat' dir='ltr'>te</span> <span class='ocrx_word' id='word_1_341' title='bbox 1726 3145 1880 3217; x_wconf 87' lang='lat' dir='ltr'>libenter</span> <span class='ocrx_word' id='word_1_342' title='bbox 1898 3147 2075 3217; x_wconf 87' lang='lat' dir='ltr'>lecturum</span> 
     </span>
     <span class='ocr_line' id='line_1_30' title="bbox 298 3229 2076 3342; baseline -0.001 -23"><span class='ocrx_word' id='word_1_343' title='bbox 298 3231 451 3320; x_wconf 73' lang='grc' dir='ltr'>ῙιιαοῙι.</span> <span class='ocrx_word' id='word_1_344' title='bbox 478 3229 757 3319; x_wconf 74' lang='lat' dir='ltr'>(ittnwrttrt&#39;tt.</span> <span class='ocrx_word' id='word_1_345' title='bbox 795 3257 802 3280; x_wconf 80' lang='lat'><em>⁰</em></span> <span class='ocrx_word' id='word_1_346' title='bbox 1078 3269 1162 3315; x_wconf 86' lang='lat' dir='ltr'>esse.</span> <span class='ocrx_word' id='word_1_347' title='bbox 1213 3237 1361 3316; x_wconf 82' lang='lat' dir='ltr'>Paulus</span> <span class='ocrx_word' id='word_1_348' title='bbox 1382 3241 1528 3318; x_wconf 85' lang='lat' dir='ltr'>Eberus</span> <span class='ocrx_word' id='word_1_349' title='bbox 1545 3249 1729 3342; x_wconf 87' lang='lat' dir='ltr'>epistolam</span> <span class='ocrx_word' id='word_1_350' title='bbox 1751 3261 1909 3318; x_wconf 88' lang='lat' dir='ltr'>nostram</span> <span class='ocrx_word' id='word_1_351' title='bbox 1925 3249 2076 3334; x_wconf 88' lang='lat' dir='ltr'>addidit,</span> 
     </span>
     <span class='ocr_line' id='line_1_31' title="bbox 101 3347 2075 3468; baseline -0.013 -23"><span class='ocrx_word' id='word_1_352' title='bbox 101 3395 185 3468; x_wconf 66' lang='lat' dir='ltr'>apter,</span> <span class='ocrx_word' id='word_1_353' title='bbox 198 3391 233 3450; x_wconf 76' lang='lat' dir='ltr'>sd</span> <span class='ocrx_word' id='word_1_354' title='bbox 247 3389 356 3447; x_wconf 60' lang='lat' dir='ltr'>aaa.</span> <span class='ocrx_word' id='word_1_355' title='bbox 375 3409 402 3463; x_wconf 87' lang='lat' dir='ltr'>p.</span> <span class='ocrx_word' id='word_1_356' title='bbox 415 3388 467 3445; x_wconf 75' lang='grc' dir='ltr'>ιιι</span> <span class='ocrx_word' id='word_1_357' title='bbox 478 3407 520 3460; x_wconf 73' lang='lat' dir='ltr'>sq.</span> <span class='ocrx_word' id='word_1_358' title='bbox 539 3388 591 3456; x_wconf 79' lang='lat' dir='ltr'>(ed.</span> <span class='ocrx_word' id='word_1_359' title='bbox 606 3387 695 3446; x_wconf 71' lang='lat' dir='ltr'>hond</span> <span class='ocrx_word' id='word_1_360' title='bbox 709 3387 758 3446; x_wconf 84' lang='grc' dir='ltr'>ιιι.</span> <span class='ocrx_word' id='word_1_361' title='bbox 772 3385 821 3444; x_wconf 83' lang='lat' dir='ltr'>tv,</span> <span class='ocrx_word' id='word_1_362' title='bbox 835 3405 876 3460; x_wconf 72' lang='lat' dir='ltr'>ep.</span> <span class='ocrx_word' id='word_1_363' title='bbox 889 3386 974 3461; x_wconf 70' lang='lat' dir='ltr'>m),</span> <span class='ocrx_word' id='word_1_364' title='bbox 1078 3371 1169 3440; x_wconf 89' lang='lat' dir='ltr'>quae</span> <span class='ocrx_word' id='word_1_365' title='bbox 1186 3359 1255 3424; x_wconf 89' lang='lat' dir='ltr'>est,</span> <span class='ocrx_word' id='word_1_366' title='bbox 1281 3362 1321 3418; x_wconf 92' lang='lat' dir='ltr'>ut</span> <span class='ocrx_word' id='word_1_367' title='bbox 1336 3361 1418 3418; x_wconf 91' lang='lat' dir='ltr'>sunt</span> <span class='ocrx_word' id='word_1_368' title='bbox 1436 3373 1524 3434; x_wconf 91' lang='lat' dir='ltr'>mea,</span> <span class='ocrx_word' id='word_1_369' title='bbox 1547 3347 1756 3444; x_wconf 87' lang='lat' dir='ltr'>squalidior,</span> <span class='ocrx_word' id='word_1_370' title='bbox 1782 3349 1842 3418; x_wconf 90' lang='lat' dir='ltr'>sed</span> <span class='ocrx_word' id='word_1_371' title='bbox 1862 3349 2016 3420; x_wconf 87' lang='lat' dir='ltr'>libenter</span> <span class='ocrx_word' id='word_1_372' title='bbox 2030 3351 2075 3420; x_wconf 92' lang='lat' dir='ltr'>de</span> 
     </span>
     <span class='ocr_line' id='line_1_32' title="bbox 1077 3444 2075 3541; baseline 0 -21"><span class='ocrx_word' id='word_1_373' title='bbox 1077 3448 1246 3520; x_wconf 88' lang='lat' dir='ltr'>Castitate</span> <span class='ocrx_word' id='word_1_374' title='bbox 1273 3444 1340 3518; x_wconf 84' lang='lat' dir='ltr'>boc</span> <span class='ocrx_word' id='word_1_375' title='bbox 1370 3451 1477 3519; x_wconf 71' lang='lat' dir='ltr'>niodo</span> <span class='ocrx_word' id='word_1_376' title='bbox 1511 3451 1665 3532; x_wconf 89' lang='lat' dir='ltr'>dissero,</span> <span class='ocrx_word' id='word_1_377' title='bbox 1702 3463 1742 3520; x_wconf 94' lang='lat' dir='ltr'>ut</span> <span class='ocrx_word' id='word_1_378' title='bbox 1768 3449 1894 3520; x_wconf 80' lang='lat' dir='ltr'>foedus</span> <span class='ocrx_word' id='word_1_379' title='bbox 1919 3449 2075 3541; x_wconf 78' lang='lat' dir='ltr'>coniugii</span> 
     </span>
     <span class='ocr_line' id='line_1_33' title="bbox 37 3541 1768 3644; baseline -0.003 -18"><span class='ocrx_word' id='word_1_380' title='bbox 37 3547 257 3626; x_wconf 82' lang='lat' dir='ltr'>Clarissimo</span> <span class='ocrx_word' id='word_1_381' title='bbox 282 3547 358 3620; x_wconf 79' lang='lat' dir='ltr'>viro</span> <span class='ocrx_word' id='word_1_382' title='bbox 379 3541 582 3618; x_wconf 82' lang='lat' dir='ltr'>eruditione</span> <span class='ocrx_word' id='word_1_383' title='bbox 607 3553 638 3615; x_wconf 90' lang='lat' dir='ltr'>et</span> <span class='ocrx_word' id='word_1_384' title='bbox 665 3543 795 3618; x_wconf 79' lang='lat' dir='ltr'>virtute</span> <span class='ocrx_word' id='word_1_385' title='bbox 817 3544 1030 3644; x_wconf 78' lang='lat' dir='ltr'>praestanti</span> <span class='ocrx_word' id='word_1_386' title='bbox 1079 3553 1299 3643; x_wconf 86' lang='lat' dir='ltr'>complectar.</span> <span class='ocrx_word' id='word_1_387' title='bbox 1353 3549 1449 3622; x_wconf 84' lang='lat' dir='ltr'>Beue</span> <span class='ocrx_word' id='word_1_388' title='bbox 1465 3551 1542 3620; x_wconf 77' lang='lat' dir='ltr'>vale</span> <span class='ocrx_word' id='word_1_389' title='bbox 1558 3567 1590 3624; x_wconf 84' lang='lat' dir='ltr'>ct</span> <span class='ocrx_word' id='word_1_390' title='bbox 1607 3551 1768 3621; x_wconf 77' lang='lat' dir='ltr'>rescribe.</span> 
     </span>
    </p>
   </div>
   <div class='ocr_carea' id='block_1_4' title="bbox 62 3643 2028 3748">
    <p class='ocr_par' dir='ltr' id='par_1_4' title="bbox 62 3643 2028 3748">
     <span class='ocr_line' id='line_1_34' title="bbox 62 3643 2028 3748; baseline -0.002 -20"><span class='ocrx_word' id='word_1_391' title='bbox 62 3653 95 3728; x_wconf 84' lang='lat' dir='ltr'><em>I</em></span> <span class='ocrx_word' id='word_1_392' title='bbox 98 3647 237 3728; x_wconf 82' lang='lat' dir='ltr'>nncdr&#39;</span> <span class='ocrx_word' id='word_1_393' title='bbox 242 3675 308 3722; x_wconf 88' lang='lat' dir='ltr'>mo</span> <span class='ocrx_word' id='word_1_394' title='bbox 332 3643 394 3722; x_wconf 82' lang='lat' dir='ltr'>Ca</span> <span class='ocrx_word' id='word_1_395' title='bbox 404 3671 528 3719; x_wconf 81' lang='lat' dir='ltr'>mern</span> <span class='ocrx_word' id='word_1_396' title='bbox 540 3646 628 3730; x_wconf 88' lang='lat' dir='ltr'>rio,</span> <span class='ocrx_word' id='word_1_397' title='bbox 640 3645 767 3748; x_wconf 86' lang='lat' dir='ltr'>srntri</span> <span class='ocrx_word' id='word_1_398' title='bbox 778 3673 846 3720; x_wconf 85' lang='lat' dir='ltr'>suo</span> <span class='ocrx_word' id='word_1_399' title='bbox 861 3647 989 3724; x_wconf 81' lang='lat' dir='ltr'>carisa.</span> <span class='ocrx_word' id='word_1_400' title='bbox 1683 3659 1778 3741; x_wconf 53' lang='lat' dir='ltr'>Phil,</span> <span class='ocrx_word' id='word_1_401' title='bbox 1801 3661 2028 3738; x_wconf 68' lang='lat' dir='ltr'>Mehnrhon,</span> 
     </span>
    </p>
   </div>
   <div class='ocr_carea' id='block_1_5' title="bbox 31 3789 2075 4719">
    <p class='ocr_par' dir='ltr' id='par_1_5' title="bbox 36 3789 1027 3882">
     <span class='ocr_line' id='line_1_35' title="bbox 36 3789 1027 3882; baseline -0.01 -4"><span class='ocrx_word' id='word_1_402' title='bbox 36 3789 76 3882; x_wconf 74' lang='lat' dir='ltr'>S.</span> <span class='ocrx_word' id='word_1_403' title='bbox 105 3803 151 3876; x_wconf 87' lang='grc' dir='ltr'>Ι).</span> <span class='ocrx_word' id='word_1_404' title='bbox 190 3799 325 3874; x_wconf 83' lang='lat' dir='ltr'>Attulit</span> <span class='ocrx_word' id='word_1_405' title='bbox 338 3791 383 3870; x_wconf 83' lang='lat' dir='ltr'><em>F</em></span> <span class='ocrx_word' id='word_1_406' title='bbox 377 3793 492 3867; x_wconf 86' lang='lat' dir='ltr'>asolti</span> <span class='ocrx_word' id='word_1_407' title='bbox 507 3795 669 3868; x_wconf 86' lang='lat' dir='ltr'>minister</span> <span class='ocrx_word' id='word_1_408' title='bbox 684 3797 818 3870; x_wconf 89' lang='lat' dir='ltr'>litteras</span> <span class='ocrx_word' id='word_1_409' title='bbox 834 3821 856 3868; x_wconf 88' lang='lat' dir='ltr'>a</span> <span class='ocrx_word' id='word_1_410' title='bbox 870 3793 1027 3879; x_wconf 83' lang='lat' dir='ltr'>Sabino,</span> 
     </span>
    </p>

    <p class='ocr_par' dir='ltr' id='par_1_6' title="bbox 36 3897 1027 4000">
     <span class='ocr_line' id='line_1_36' title="bbox 36 3897 1027 4000; baseline -0.008 -24"><span class='ocrx_word' id='word_1_411' title='bbox 36 3931 117 4000; x_wconf 87' lang='lat' dir='ltr'>quas</span> <span class='ocrx_word' id='word_1_412' title='bbox 138 3905 206 3974; x_wconf 89' lang='lat' dir='ltr'>tibi</span> <span class='ocrx_word' id='word_1_413' title='bbox 228 3901 342 3975; x_wconf 84' lang='lat' dir='ltr'>mitto.</span> <span class='ocrx_word' id='word_1_414' title='bbox 392 3897 500 3970; x_wconf 80' lang='lat' dir='ltr'>Eram</span> <span class='ocrx_word' id='word_1_415' title='bbox 524 3914 641 3969; x_wconf 88' lang='lat' dir='ltr'>autern</span> <span class='ocrx_word' id='word_1_416' title='bbox 668 3899 906 3970; x_wconf 84' lang='lat' dir='ltr'>sciscitaturus</span> <span class='ocrx_word' id='word_1_417' title='bbox 926 3911 960 3970; x_wconf 84' lang='lat' dir='ltr'>et</span> <span class='ocrx_word' id='word_1_418' title='bbox 982 3899 1027 3969; x_wconf 92' lang='lat' dir='ltr'>de</span> 
     </span>
    </p>

    <p class='ocr_par' dir='ltr' id='par_1_7' title="bbox 34 3997 2075 4299">
     <span class='ocr_line' id='line_1_37' title="bbox 34 3997 2065 4092; baseline -0.007 -14"><span class='ocrx_word' id='word_1_419' title='bbox 34 4023 92 4078; x_wconf 91' lang='lat' dir='ltr'>tuo</span> <span class='ocrx_word' id='word_1_420' title='bbox 109 4008 184 4076; x_wconf 89' lang='lat' dir='ltr'>lilio</span> <span class='ocrx_word' id='word_1_421' title='bbox 200 4017 235 4076; x_wconf 90' lang='lat' dir='ltr'>et</span> <span class='ocrx_word' id='word_1_422' title='bbox 250 4005 294 4073; x_wconf 89' lang='lat' dir='ltr'>de</span> <span class='ocrx_word' id='word_1_423' title='bbox 307 4003 395 4071; x_wconf 89' lang='lat' dir='ltr'>meis</span> <span class='ocrx_word' id='word_1_424' title='bbox 409 3997 593 4092; x_wconf 87' lang='lat' dir='ltr'>orphanis,</span> <span class='ocrx_word' id='word_1_425' title='bbox 613 4003 676 4070; x_wconf 85' lang='lat' dir='ltr'>scd</span> <span class='ocrx_word' id='word_1_426' title='bbox 692 4002 810 4072; x_wconf 88' lang='lat' dir='ltr'>subito</span> <span class='ocrx_word' id='word_1_427' title='bbox 825 4003 925 4088; x_wconf 90' lang='lat' dir='ltr'>abiit,</span> <span class='ocrx_word' id='word_1_428' title='bbox 945 4025 1027 4071; x_wconf 88' lang='lat' dir='ltr'>cnm</span> <span class='ocrx_word' id='word_1_429' title='bbox 1080 4004 1278 4084; x_wconf 53' lang='lat' dir='ltr'>Nartem,</span> <span class='ocrx_word' id='word_1_430' title='bbox 1683 4076 1688 4090; x_wconf 29' lang='grc' dir='ltr'>ἱ</span> <span class='ocrx_word' id='word_1_431' title='bbox 1931 4003 2065 4078; x_wconf 58' lang='lat' dir='ltr'>rodan,</span> 
     </span>
     <span class='ocr_line' id='line_1_38' title="bbox 36 4098 2075 4202; baseline -0.006 -24"><span class='ocrx_word' id='word_1_432' title='bbox 36 4134 95 4202; x_wconf 88' lang='lat' dir='ltr'>per</span> <span class='ocrx_word' id='word_1_433' title='bbox 125 4109 237 4178; x_wconf 85' lang='lat' dir='ltr'>aliurn</span> <span class='ocrx_word' id='word_1_434' title='bbox 262 4105 362 4176; x_wconf 88' lang='lat' dir='ltr'>reddi</span> <span class='ocrx_word' id='word_1_435' title='bbox 390 4098 480 4172; x_wconf 83' lang='lat' dir='ltr'>milri</span> <span class='ocrx_word' id='word_1_436' title='bbox 502 4103 688 4194; x_wconf 89' lang='lat' dir='ltr'>epistolam</span> <span class='ocrx_word' id='word_1_437' title='bbox 710 4103 756 4174; x_wconf 91' lang='lat' dir='ltr'>ad</span> <span class='ocrx_word' id='word_1_438' title='bbox 779 4128 835 4174; x_wconf 85' lang='lat' dir='ltr'>me</span> <span class='ocrx_word' id='word_1_439' title='bbox 861 4103 1027 4194; x_wconf 86' lang='lat' dir='ltr'>scriptam</span> <span class='ocrx_word' id='word_1_440' title='bbox 1079 4107 1281 4140; x_wconf 53' lang='grc' dir='ltr'><strong><em>Μ</em></strong></span> <span class='ocrx_word' id='word_1_441' title='bbox 1916 4099 2075 4124; x_wconf 70' lang='lat'>“⁹⁴&#39;&#39;</span> 
     </span>
     <span class='ocr_line' id='line_1_39' title="bbox 34 4192 1726 4299; baseline -0.007 -19"><span class='ocrx_word' id='word_1_442' title='bbox 34 4223 203 4282; x_wconf 85' lang='lat' dir='ltr'>curasset:</span> <span class='ocrx_word' id='word_1_443' title='bbox 241 4232 345 4299; x_wconf 89' lang='lat' dir='ltr'>spero</span> <span class='ocrx_word' id='word_1_444' title='bbox 378 4207 444 4276; x_wconf 85' lang='lat' dir='ltr'>tibi</span> <span class='ocrx_word' id='word_1_445' title='bbox 478 4229 620 4297; x_wconf 89' lang='lat' dir='ltr'>qunque</span> <span class='ocrx_word' id='word_1_446' title='bbox 654 4204 787 4274; x_wconf 83' lang='lat' dir='ltr'>litteras</span> <span class='ocrx_word' id='word_1_447' title='bbox 824 4206 961 4285; x_wconf 81' lang='lat' dir='ltr'>afferri,</span> <span class='ocrx_word' id='word_1_448' title='bbox 995 4217 1029 4274; x_wconf 88' lang='lat' dir='ltr'>et</span> <span class='ocrx_word' id='word_1_449' title='bbox 1428 4195 1480 4280; x_wconf 80' lang='lat' dir='ltr'>V.</span> <span class='ocrx_word' id='word_1_450' title='bbox 1509 4192 1726 4284; x_wconf 66' lang='lat' dir='ltr'>Beckero,</span> 
     </span>
    </p>

    <p class='ocr_par' dir='ltr' id='par_1_8' title="bbox 31 4301 2053 4719">
     <span class='ocr_line' id='line_1_40' title="bbox 33 4301 1028 4404; baseline -0.008 -22"><span class='ocrx_word' id='word_1_451' title='bbox 33 4309 190 4404; x_wconf 77' lang='lat' dir='ltr'>lipsiam</span> <span class='ocrx_word' id='word_1_452' title='bbox 219 4312 395 4402; x_wconf 86' lang='lat' dir='ltr'>protectus</span> <span class='ocrx_word' id='word_1_453' title='bbox 422 4322 471 4376; x_wconf 84' lang='lat' dir='ltr'>cst</span> <span class='ocrx_word' id='word_1_454' title='bbox 497 4301 517 4376; x_wconf 83' lang='grc' dir='ltr'>ὁ</span> <span class='ocrx_word' id='word_1_455' title='bbox 544 4301 881 4403; x_wconf 74' lang='grc' dir='ltr'>γραμματοφόρος,</span> <span class='ocrx_word' id='word_1_456' title='bbox 921 4329 1028 4400; x_wconf 89' lang='lat' dir='ltr'>quem</span> 
     </span>
     <span class='ocr_line' id='line_1_41' title="bbox 33 4405 1029 4506; baseline -0.004 -26"><span class='ocrx_word' id='word_1_457' title='bbox 33 4417 124 4506; x_wconf 84' lang='lat' dir='ltr'>apud</span> <span class='ocrx_word' id='word_1_458' title='bbox 146 4405 350 4482; x_wconf 83' lang='lat' dir='ltr'>Fasattum</span> <span class='ocrx_word' id='word_1_459' title='bbox 375 4409 420 4478; x_wconf 88' lang='lat' dir='ltr'>ad</span> <span class='ocrx_word' id='word_1_460' title='bbox 439 4405 597 4478; x_wconf 85' lang='lat' dir='ltr'>Aureum</span> <span class='ocrx_word' id='word_1_461' title='bbox 613 4407 734 4478; x_wconf 79' lang='lat' dir='ltr'>Solem</span> <span class='ocrx_word' id='word_1_462' title='bbox 759 4409 836 4479; x_wconf 86' lang='lat' dir='ltr'>istic</span> <span class='ocrx_word' id='word_1_463' title='bbox 862 4431 1029 4502; x_wconf 87' lang='lat' dir='ltr'>quaerere</span> 
     </span>
     <span class='ocr_line' id='line_1_42' title="bbox 32 4496 2053 4624; baseline -0.005 -41"><span class='ocrx_word' id='word_1_464' title='bbox 32 4515 177 4604; x_wconf 87' lang='lat' dir='ltr'>poteris.</span> <span class='ocrx_word' id='word_1_465' title='bbox 231 4511 273 4582; x_wconf 91' lang='lat' dir='ltr'>lu</span> <span class='ocrx_word' id='word_1_466' title='bbox 291 4535 368 4581; x_wconf 88' lang='lat' dir='ltr'>mea</span> <span class='ocrx_word' id='word_1_467' title='bbox 383 4496 539 4601; x_wconf 79' lang='lat' dir='ltr'>epistula,</span> <span class='ocrx_word' id='word_1_468' title='bbox 565 4508 647 4604; x_wconf 90' lang='lat' dir='ltr'>quia</span> <span class='ocrx_word' id='word_1_469' title='bbox 665 4509 801 4580; x_wconf 89' lang='lat' dir='ltr'>nullius</span> <span class='ocrx_word' id='word_1_470' title='bbox 817 4509 954 4580; x_wconf 83' lang='lat' dir='ltr'>adversi</span> <span class='ocrx_word' id='word_1_471' title='bbox 971 4531 1029 4580; x_wconf 89' lang='lat' dir='ltr'>ca·</span> <span class='ocrx_word' id='word_1_472' title='bbox 1113 4549 1377 4624; x_wconf 51' lang='lat' dir='ltr'><em>Vanum</em></span> <span class='ocrx_word' id='word_1_473' title='bbox 1401 4535 1595 4624; x_wconf 51' lang='lat' dir='ltr'><em>Halm,</em></span> <span class='ocrx_word' id='word_1_474' title='bbox 1620 4533 1774 4612; x_wconf 52' lang='lat' dir='ltr'>panon·</span> <span class='ocrx_word' id='word_1_475' title='bbox 1800 4537 1990 4614; x_wconf 47' lang='lat' dir='ltr'><em>Ecclesiae</em></span> <span class='ocrx_word' id='word_1_476' title='bbox 2012 4540 2053 4612; x_wconf 55' lang='lat' dir='ltr'>pn</span> 
     </span>
     <span class='ocr_line' id='line_1_43' title="bbox 31 4611 1704 4719; baseline -0.004 -37"><span class='ocrx_word' id='word_1_477' title='bbox 31 4639 87 4688; x_wconf 87' lang='lat' dir='ltr'>sus</span> <span class='ocrx_word' id='word_1_478' title='bbox 115 4617 252 4686; x_wconf 92' lang='lat' dir='ltr'>mentio</span> <span class='ocrx_word' id='word_1_479' title='bbox 274 4615 330 4698; x_wconf 88' lang='lat' dir='ltr'>lit,</span> <span class='ocrx_word' id='word_1_480' title='bbox 357 4612 475 4680; x_wconf 83' lang='lat' dir='ltr'>vivere</span> <span class='ocrx_word' id='word_1_481' title='bbox 498 4611 610 4680; x_wconf 87' lang='lat' dir='ltr'>tilium</span> <span class='ocrx_word' id='word_1_482' title='bbox 635 4623 736 4682; x_wconf 91' lang='lat' dir='ltr'>tunm</span> <span class='ocrx_word' id='word_1_483' title='bbox 758 4611 969 4696; x_wconf 88' lang='lat' dir='ltr'>ratiocinor,</span> <span class='ocrx_word' id='word_1_484' title='bbox 995 4623 1030 4681; x_wconf 92' lang='lat' dir='ltr'>et</span> <span class='ocrx_word' id='word_1_485' title='bbox 1451 4635 1704 4719; x_wconf 49' lang='lat' dir='ltr'>&amp;qm-hm·</span> 
     </span>
    </p>
   </div>
   <div class='ocr_carea' id='block_1_6' title="bbox 30 4711 2079 4907">
    <p class='ocr_par' dir='ltr' id='par_1_9' title="bbox 30 4711 2079 4907">
     <span class='ocr_line' id='line_1_44' title="bbox 30 4711 1851 4800; baseline -0.002 -14"><span class='ocrx_word' id='word_1_486' title='bbox 30 4733 67 4788; x_wconf 88' lang='lat' dir='ltr'>ut</span> <span class='ocrx_word' id='word_1_487' title='bbox 88 4733 212 4788; x_wconf 85' lang='lat' dir='ltr'>servet</span> <span class='ocrx_word' id='word_1_488' title='bbox 234 4741 314 4786; x_wconf 90' lang='lat' dir='ltr'>eum</span> <span class='ocrx_word' id='word_1_489' title='bbox 340 4711 553 4782; x_wconf 88' lang='lat' dir='ltr'>incolumem</span> <span class='ocrx_word' id='word_1_490' title='bbox 577 4713 673 4784; x_wconf 87' lang='lat' dir='ltr'>Deus</span> <span class='ocrx_word' id='word_1_491' title='bbox 695 4712 872 4786; x_wconf 88' lang='lat' dir='ltr'>Conditor</span> <span class='ocrx_word' id='word_1_492' title='bbox 894 4729 928 4784; x_wconf 87' lang='lat' dir='ltr'>et</span> <span class='ocrx_word' id='word_1_493' title='bbox 949 4714 1030 4782; x_wconf 87' lang='lat' dir='ltr'>tous</span> <span class='ocrx_word' id='word_1_494' title='bbox 1350 4779 1359 4800; x_wconf 77' lang='grc'>,</span> <span class='ocrx_word' id='word_1_495' title='bbox 1514 4775 1524 4796; x_wconf 84' lang='grc'>,</span> <span class='ocrx_word' id='word_1_496' title='bbox 1579 4784 1582 4793; x_wconf 80' lang='grc'>,</span> <span class='ocrx_word' id='word_1_497' title='bbox 1841 4773 1851 4792; x_wconf 89' lang='grc'><strong>.</strong></span> 
     </span>
     <span class='ocr_line' id='line_1_45' title="bbox 31 4771 2079 4907; baseline -0.003 -55"><span class='ocrx_word' id='word_1_498' title='bbox 31 4821 138 4902; x_wconf 51' lang='lat' dir='ltr'><strong>vim,</strong></span> <span class='ocrx_word' id='word_1_499' title='bbox 167 4835 244 4892; x_wconf 55' lang='lat' dir='ltr'>tom</span> <span class='ocrx_word' id='word_1_500' title='bbox 259 4841 341 4886; x_wconf 59' lang='lat' dir='ltr'>eum</span> <span class='ocrx_word' id='word_1_501' title='bbox 358 4827 498 4907; x_wconf 54' lang='lat' dir='ltr'>pedore</span> <span class='ocrx_word' id='word_1_502' title='bbox 514 4837 589 4888; x_wconf 49' lang='lat' dir='ltr'>om·</span> <span class='ocrx_word' id='word_1_503' title='bbox 1081 4775 1303 4861; x_wconf 86' lang='lat' dir='ltr'>Venerande</span> <span class='ocrx_word' id='word_1_504' title='bbox 1326 4803 1382 4850; x_wconf 81' lang='lat' dir='ltr'>mr</span> <span class='ocrx_word' id='word_1_505' title='bbox 1399 4791 1433 4850; x_wconf 88' lang='lat' dir='ltr'>et</span> <span class='ocrx_word' id='word_1_506' title='bbox 1454 4799 1571 4849; x_wconf 83' lang='lat' dir='ltr'>carras.</span> <span class='ocrx_word' id='word_1_507' title='bbox 1594 4775 1714 4851; x_wconf 87' lang='lat' dir='ltr'>trater.</span> <span class='ocrx_word' id='word_1_508' title='bbox 1764 4771 1853 4844; x_wconf 83' lang='lat' dir='ltr'>Herc</span> <span class='ocrx_word' id='word_1_509' title='bbox 1876 4795 2017 4844; x_wconf 79' lang='lat' dir='ltr'>reverso</span> <span class='ocrx_word' id='word_1_510' title='bbox 2037 4799 2079 4846; x_wconf 81' lang='lat' dir='ltr'>er</span> 
     </span>
    </p>
   </div>
   <div class='ocr_carea' id='block_1_7' title="bbox 128 4874 2081 5032">
    <p class='ocr_par' dir='ltr' id='par_1_10' title="bbox 128 4874 2081 5032">
     <span class='ocr_line' id='line_1_46' title="bbox 128 4874 2081 5032; baseline -0.014 -59"><span class='ocrx_word' id='word_1_511' title='bbox 128 4941 275 5032; x_wconf 59' lang='lat' dir='ltr'>spon„</span> <span class='ocrx_word' id='word_1_512' title='bbox 291 4925 350 5032; x_wconf 68' lang='lat' dir='ltr'>ee)</span> <span class='ocrx_word' id='word_1_513' title='bbox 371 4929 481 5004; x_wconf 56' lang='lat' dir='ltr'>Ducis</span> <span class='ocrx_word' id='word_1_514' title='bbox 505 4929 667 5004; x_wconf 53' lang='lat' dir='ltr'>prussiae</span> <span class='ocrx_word' id='word_1_515' title='bbox 696 4934 803 5024; x_wconf 57' lang='lat' dir='ltr'>paulo</span> <span class='ocrx_word' id='word_1_516' title='bbox 825 4947 907 5006; x_wconf 51' lang='lat' dir='ltr'><strong>ante</strong></span> <span class='ocrx_word' id='word_1_517' title='bbox 935 4932 1031 5004; x_wconf 50' lang='lat' dir='ltr'><strong>redi·</strong></span> <span class='ocrx_word' id='word_1_518' title='bbox 1082 4903 1238 4961; x_wconf 88' lang='lat' dir='ltr'>mercatu</span> <span class='ocrx_word' id='word_1_519' title='bbox 1251 4884 1395 4976; x_wconf 88' lang='lat' dir='ltr'>Lipsico</span> <span class='ocrx_word' id='word_1_520' title='bbox 1411 4882 1549 4956; x_wconf 91' lang='lat' dir='ltr'>oblatae</span> <span class='ocrx_word' id='word_1_521' title='bbox 1562 4891 1646 4948; x_wconf 91' lang='lat' dir='ltr'>sunt</span> <span class='ocrx_word' id='word_1_522' title='bbox 1661 4877 1784 4947; x_wconf 88' lang='lat' dir='ltr'>literae</span> <span class='ocrx_word' id='word_1_523' title='bbox 1799 4874 1957 4944; x_wconf 82' lang='lat' dir='ltr'>virorum</span> <span class='ocrx_word' id='word_1_524' title='bbox 1973 4875 2081 4947; x_wconf 88' lang='lat' dir='ltr'>nobi·</span> 
     </span>
    </p>
   </div>
   <div class='ocr_carea' id='block_1_8' title="bbox 29 4973 2080 5128">
    <p class='ocr_par' dir='ltr' id='par_1_11' title="bbox 29 4973 2080 5128">
     <span class='ocr_line' id='line_1_47' title="bbox 29 4973 2080 5128; baseline -0.028 -27"><span class='ocrx_word' id='word_1_525' title='bbox 29 5049 101 5111; x_wconf 78' lang='lat' dir='ltr'>tum</span> <span class='ocrx_word' id='word_1_526' title='bbox 127 5055 315 5122; x_wconf 63' lang='lat' dir='ltr'>„osu-um,</span> <span class='ocrx_word' id='word_1_527' title='bbox 348 5031 434 5104; x_wconf 66' lang='lat' dir='ltr'>hine</span> <span class='ocrx_word' id='word_1_528' title='bbox 456 5032 624 5106; x_wconf 45' lang='lat' dir='ltr'>,simp</span> <span class='ocrx_word' id='word_1_529' title='bbox 674 5027 1032 5128; x_wconf 22' lang='lat' dir='ltr'>Mymobgumsnar·</span> <span class='ocrx_word' id='word_1_530' title='bbox 1085 4995 1173 5064; x_wconf 92' lang='lat' dir='ltr'>lium</span> <span class='ocrx_word' id='word_1_531' title='bbox 1188 4981 1409 5060; x_wconf 69' lang='lat' dir='ltr'>delicatia.</span> <span class='ocrx_word' id='word_1_532' title='bbox 1460 4979 1666 5072; x_wconf 82' lang='lat' dir='ltr'>Respondi,</span> <span class='ocrx_word' id='word_1_533' title='bbox 1691 4990 1772 5046; x_wconf 89' lang='lat' dir='ltr'>aute</span> <span class='ocrx_word' id='word_1_534' title='bbox 1794 4975 1922 5047; x_wconf 86' lang='lat' dir='ltr'>testum</span> <span class='ocrx_word' id='word_1_535' title='bbox 1938 4973 2080 5050; x_wconf 80' lang='lat' dir='ltr'>Palma-</span> 
     </span>
    </p>
   </div>
   <div class='ocr_carea' id='block_1_9' title="bbox 28 5072 2080 5232">
    <p class='ocr_par' dir='ltr' id='par_1_12' title="bbox 28 5072 2080 5232">
     <span class='ocr_line' id='line_1_48' title="bbox 28 5072 2080 5232; baseline -0.02 -21"><span class='ocrx_word' id='word_1_536' title='bbox 28 5159 106 5214; x_wconf 90' lang='lat' dir='ltr'>rant</span> <span class='ocrx_word' id='word_1_537' title='bbox 129 5145 244 5214; x_wconf 83' lang='lat' dir='ltr'>tuisse</span> <span class='ocrx_word' id='word_1_538' title='bbox 260 5137 529 5232; x_wconf 86' lang='lat' dir='ltr'>cupidissimum</span> <span class='ocrx_word' id='word_1_539' title='bbox 547 5133 659 5204; x_wconf 89' lang='lat' dir='ltr'>nostri</span> <span class='ocrx_word' id='word_1_540' title='bbox 680 5137 869 5232; x_wconf 83' lang='lat' dir='ltr'>colloquii,</span> <span class='ocrx_word' id='word_1_541' title='bbox 896 5151 932 5208; x_wconf 90' lang='lat' dir='ltr'>et</span> <span class='ocrx_word' id='word_1_542' title='bbox 946 5136 1033 5206; x_wconf 83' lang='lat' dir='ltr'>scri·</span> <span class='ocrx_word' id='word_1_543' title='bbox 1085 5119 1165 5168; x_wconf 72' lang='lat'><strong>‘¹¹¹⁰</strong></span> <span class='ocrx_word' id='word_1_544' title='bbox 1191 5103 1381 5162; x_wconf 58' lang='lat' dir='ltr'><strong>“murum</strong></span> <span class='ocrx_word' id='word_1_545' title='bbox 1397 5075 1500 5158; x_wconf 53' lang='lat' dir='ltr'>Ima·</span> <span class='ocrx_word' id='word_1_546' title='bbox 1514 5072 1732 5158; x_wconf 58' lang='lat' dir='ltr'>fimum·</span> <span class='ocrx_word' id='word_1_547' title='bbox 1760 5075 1877 5147; x_wconf 55' lang='lat' dir='ltr'>Vim</span> <span class='ocrx_word' id='word_1_548' title='bbox 1900 5077 2080 5150; x_wconf 62' lang='lat' dir='ltr'>“utilium</span> 
     </span>
    </p>
   </div>
   <div class='ocr_carea' id='block_1_10' title="bbox 1150 4367 1766 4452">
    <p class='ocr_par' dir='ltr' id='par_1_13' title="bbox 1150 4367 1766 4452">
     <span class='ocr_line' id='line_1_49' title="bbox 1150 4367 1766 4452; baseline -0.019 -17"><span class='ocrx_word' id='word_1_549' title='bbox 1150 4383 1173 4452; x_wconf 80' lang='lat'><em>†</em></span> <span class='ocrx_word' id='word_1_550' title='bbox 1194 4379 1232 4434; x_wconf 74' lang='lat' dir='ltr'>Er</span> <span class='ocrx_word' id='word_1_551' title='bbox 1250 4396 1343 4452; x_wconf 66' lang='lat' dir='ltr'>apogr.</span> <span class='ocrx_word' id='word_1_552' title='bbox 1361 4376 1389 4430; x_wconf 85' lang='lat' dir='ltr'>in</span> <span class='ocrx_word' id='word_1_553' title='bbox 1408 4373 1471 4429; x_wconf 87' lang='lat' dir='ltr'>cod.</span> <span class='ocrx_word' id='word_1_554' title='bbox 1491 4371 1576 4428; x_wconf 79' lang='lat' dir='ltr'>Paris.</span> <span class='ocrx_word' id='word_1_555' title='bbox 1595 4369 1633 4424; x_wconf 83' lang='lat' dir='ltr'>D·</span> <span class='ocrx_word' id='word_1_556' title='bbox 1651 4374 1684 4426; x_wconf 66' lang='lat' dir='ltr'>la.</span> <span class='ocrx_word' id='word_1_557' title='bbox 1703 4367 1766 4424; x_wconf 66' lang='grc' dir='ltr'>Μ’.</span> 
     </span>
    </p>
   </div>
   <div class='ocr_carea' id='block_1_11' title="bbox 30 5309 268 5332">
    <p class='ocr_par' dir='ltr' id='par_1_14' title="bbox 30 5309 268 5332">
     <span class='ocr_line' id='line_1_50' title="bbox 30 5309 268 5332; baseline -0.017 1"><span class='ocrx_word' id='word_1_558' title='bbox 30 5309 268 5332; x_wconf 43' lang='lat' dir='ltr'>”numu-.-</span> 
     </span>
    </p>
   </div>
   <div class='ocr_carea' id='block_1_12' title="bbox 56 5391 1472 5482">
    <p class='ocr_par' dir='ltr' id='par_1_15' title="bbox 56 5391 1472 5482">
     <span class='ocr_line' id='line_1_51' title="bbox 56 5391 1472 5482; baseline -0.02 -10"><span class='ocrx_word' id='word_1_559' title='bbox 56 5417 83 5480; x_wconf 62' lang='grc' dir='ltr'>ἰ</span> <span class='ocrx_word' id='word_1_560' title='bbox 107 5415 179 5470; x_wconf 75' lang='lat' dir='ltr'>Alis</span> <span class='ocrx_word' id='word_1_561' title='bbox 197 5428 296 5468; x_wconf 70' lang='lat' dir='ltr'>murs</span> <span class='ocrx_word' id='word_1_562' title='bbox 313 5409 455 5482; x_wconf 80' lang='lat' dir='ltr'>adscripsit</span> <span class='ocrx_word' id='word_1_563' title='bbox 473 5427 522 5470; x_wconf 81' lang='grc' dir='ltr'>ιιι.</span> <span class='ocrx_word' id='word_1_564' title='bbox 538 5409 613 5468; x_wconf 74' lang='grc'><strong>1650.</strong></span> <span class='ocrx_word' id='word_1_565' title='bbox 1123 5402 1151 5472; x_wconf 84' lang='grc' dir='ltr'>ι)</span> <span class='ocrx_word' id='word_1_566' title='bbox 1168 5399 1284 5454; x_wconf 62' lang='lat' dir='ltr'>hono</span> <span class='ocrx_word' id='word_1_567' title='bbox 1302 5391 1472 5462; x_wconf 67' lang='lat' dir='ltr'>nost-gers.</span> 
     </span>
    </p>
   </div>
   <div class='ocr_carea' id='block_1_13' title="bbox 57 5477 1525 5628">
    <p class='ocr_par' dir='ltr' id='par_1_16' title="bbox 57 5477 1525 5628">
     <span class='ocr_line' id='line_1_52' title="bbox 57 5477 1525 5628; baseline -0.023 -70"><span class='ocrx_word' id='word_1_568' title='bbox 57 5503 101 5570; x_wconf 66' lang='lat'>“1</span> <span class='ocrx_word' id='word_1_569' title='bbox 124 5505 212 5558; x_wconf 72' lang='lat' dir='ltr'>Anna</span> <span class='ocrx_word' id='word_1_570' title='bbox 229 5497 317 5554; x_wconf 72' lang='lat' dir='ltr'>uaria</span> <span class='ocrx_word' id='word_1_571' title='bbox 329 5495 484 5570; x_wconf 57' lang='lat' dir='ltr'>hanania.</span> <span class='ocrx_word' id='word_1_572' title='bbox 1120 5489 1150 5558; x_wconf 65' lang='grc' dir='ltr'>ξ)</span> <span class='ocrx_word' id='word_1_573' title='bbox 1169 5477 1372 5628; x_wconf 51' lang='grc' dir='ltr'>ῦουυιίθΐὲίι</span> <span class='ocrx_word' id='word_1_574' title='bbox 1389 5477 1525 5547; x_wconf 64' lang='lat' dir='ltr'>Cycneae.</span> 
     </span>
    </p>
   </div>
   <div class='ocr_carea' id='block_1_14' title="bbox 0 0 2298 6224">
    <p class='ocr_par' dir='ltr' id='par_1_17' title="bbox 0 0 2298 6224">
     <span class='ocr_line' id='line_1_53' title="bbox 0 0 2298 6224; baseline 0 9"><span class='ocrx_word' id='word_1_575' title='bbox 0 0 2298 6224; x_wconf 95' lang='lat' dir='ltr'> </span> 
     </span>
    </p>
   </div>
  </div>
 </body>
</html>
