4624 6216
85 321 168 406 909

88 485 218 582 aer‘).
255 490 561 576 Metuimusenim
578 493 683 566 luem.
720 491 793 564 Nec
809 492 1091 576 aliafuitcausa,

89 617 159 664 nec
174 617 236 664 vos
253 589 320 664 hoc
334 607 492 684 tempore
507 595 627 664 abesse
644 595 841 670 maluerim.
867 593 972 666 Nunc
989 593 1089 663 mitto

88 693 196 766 vobis
216 696 374 786 exempla
391 695 549 780 tabulae,
574 696 722 766 alterum
739 697 826 782 tibi,
850 697 1002 767 alterum
1018 693 1091 762 Mi-

91 791 222 868 chae'li.
255 791 353 868 Bene
366 797 456 872 vale.
490 795 648 868 Salutem
662 811 747 889 opto
761 799 908 868 dominu
920 791 1091 889 Ste'geleu,

90 897 173 966 viro
196 910 231 967 et
245 899 369 989 po'e'tae
384 897 539 990 optimo,
561 911 596 970 et
614 899 684 970 tuis
697 899 940 984 auditoribus,
961 895 1092 992 quibus

89 997 181 1070 alias
198 999 361 1070 scribam.

789 1095 991 1194 Philippus.
1023 1063 1028 1074 ¹

370 1663 441 1750 M.
472 1663 810 1778 Meierelmrgio.

11 1898 15 1910 ,
193 1837 278 1914 upra.
293 1837 343 1896 us.
356 1838 390 1898 v.
408 1840 508 1914 pros.

118 1986 362 2065 Mtctaett
383 1987 733 2086 Meienburgio,
764 1987 927 2066 Consuli
948 1988 1066 2070 Nort-

511 2086 671 2164 busane.

957 1481 988 1542 1.
1006 1472 1091 1538 Maii.

950 1564 1088 1592 Μ

5 2297 9 2325 ,
91 2227 142 2318 S.
174 2237 219 2310 D.
275 2237 478 2312 Clarissime
510 2239 585 2326 vir,
622 2253 657 2312 et
689 2237 844 2312 Patrone
876 2235 1091 2315 charissime.

91 2339 171 2415 Oro
187 2337 323 2427 Deum,
355 2355 396 2414 ut
419 2341 700 2434 vobis'corporis
722 2355 757 2412 et
770 2341 882 2412 animi
896 2341 990 2412 vires
1004 2365 1092 2412 con-

4 2491 12 2532 ,
93 2445 226 2528 firmet,
257 2455 292 2514 et
310 2465 372 2512 vos
388 2456 423 2512 ct
437 2456 571 2514 vestros
585 2459 701 2516 servet
714 2467 753 2514 ac
769 2443 952 2533 gubernet.
1001 2441 1091 2536 Spe-

4 2605 11 2634 ,
91 2566 230 2624 remus,
260 2541 376 2616 Deum
397 2558 620 2616 servaturum
641 2569 714 2616 esse
735 2543 871 2636 aliquas
896 2543 970 2636 pias
985 2543 1090 2614 lami·-

3 2697 18 2739 r
91 2647 171 2730 lias,
188 2658 223 2716 et
235 2643 285 2716 eis
300 2645 464 2716 daturum
480 2669 554 2716 csse
567 2648 763 2718 mediocres
775 2641 934 2729 Politias,
951 2647 1088 2718 etiamsi

4 2793 17 2841 ς
89 2745 233 2836 Regum
249 2746 421 2816 tumultus
437 2746 526 2815 varii
543 2759 646 2828 sunt,
673 2762 708 2818 et
723 2745 868 2816 inutiles
884 2747 1002 2836 generi
1020 2741 1089 2816 hu-

3 2903 15 2944 .
89 2871 212 2920 mano.
243 2843 364 2918 Audio
382 2843 654 2917 Atrebacmsem
665 2845 692 2943 ¹)
709 2870 829 2918 reeens
845 2849 939 2939 apud
955 2845 1088 2938 Regem

3 3010 14 3048 a
90 2947 272 3020 Gallicum
289 2949 407 3033 luisse,
433 2961 467 3018 et
481 2951 611 3019 frustra
625 2953 668 3020 de
683 2973 768 3041 pace
783 2949 904 3038 egisse.
955 2947 1026 3020 Sed
1043 2951 1087 3018 de

88 3045 150 3122 his
171 3063 207 3121 et
220 3049 299 3119 aliis
312 3051 461 3140 negotiis
477 3073 595 3120 coram
610 3051 809 3146 loquemur.
861 3048 1006 3123 Utinam
1023 3051 1087 3120 filii

5 3225 15 3241 „
86 3165 184 3223 recte
204 3151 363 3232 valeant,
395 3165 430 3222 et
448 3150 519 3220 siut
533 3151 635 3222 vobis
650 3151 837 3244 voluptati.
887 3149 991 3222 Nunc
1004 3151 1087 3222 mit-

6 3248 17 3265 '
86 3251 136 3326 tit
160 3249 410 3346 Hieronymus
436 3243 573 3332 Osius,
615 3248 785 3324 honestus
811 3267 846 3324 et
870 3255 996 3323 doctus
1020 3251 1086 3338 vir,

6 3439 19 3456 ‘
86 3353 153 3448 qui
192 3349 299 3424 habet
330 3377 350 3424 a
384 3351 522 3426 Comite
549 3347 821 3450 Suartzdurgr'u
860 3353 1087 3446 stipendium,

84 3457 264 3550 quaedam
295 3456 340 3525 ad
374 3453 545 3528 Senatum
582 3470 737 3528 restmm
773 3455 925 3548 scripta,
968 3467 1003 3526 et
1034 3465 1089 3525 est'

6 3639 10 3653 Ι
83 3557 256 3630 alumnus
271 3567 393 3631 vester.
446 3553 598 3644 Quaeso,
618 3573 660 3630 ut
675 3557 957 3628 benevolentiam
973 3555 1086 3628 Sena-

5 3662 18 3728 “.
84 3673 148 3731 tus
167 3679 247 3748 erga
270 3656 386 3746 ipsum
410 3658 582 3726 declarari
607 3659 747 3732 curetis.
804 3657 910 3729 Pium
933 3673 984 3729 est
1006 3659 1085 3728 olfi-

83 3759 203 3844 cium,
237 3759 321 3852 quia
343 3757 400 3828 vir
421 3754 590 3830 honestus
612 3773 680 3846 est,
712 3774 746 3832 et
770 3755 877 3831 hahet
898 3755 1083 3830 honestam

83 3859 273 3951 coniugem
289 3854 331 3956 ²).
381 3857 479 3931 Bene
509 3873 543 3930 et
576 3860 725 3934 feliciter
758 3862 881 3932 valete.
937 3857 1083 3934 Calend.

82 3959 192 4032 Maii.

781 4057 982 4156 Philippus.

9 4469 10 4472 π
92 4425 167 4500 No.
184 4427 298 4502 5106.

86 4522 306 4564 Q

351 4625 416 4716 A.
447 4627 812 4744 Ilerdeabergio.

153 4803 226 4876 soa
238 4803 283 4866 nc
300 4801 488 4876 naus«.
505 4821 549 4877 ψ.
563 4803 607 4860 u.

82 4942 319 4972 W

115 5035 147 5102 Ι)
167 5029 238 5084 rata
254 5027 369 5086 11111111
387 5045 450 5102 epp.
467 5027 501 5082 ad
519 5025 694 5098 estimem.
713 5025 741 5084 el.
754 5025 781 5086 9.
790 5026 851 5082 111.
868 5035 895 5082 11
913 5003 946 5082 ed
956 5026 1079 5082 0111111

153 5100 183 5154 d.
197 5096 310 5172 11111
324 5097 401 5154 1552.
412 5097 537 5172 scriptus.
568 5095 643 5178 llaec
656 5096 741 5168 igitur
752 5096 978 5180 lortuaaorrsueese
991 5095 1079 5178 Aprih'

150 5165 327 5292 ppnaenpa't.
374 5164 559 5268 Nemi-ense
585 5162 656 5220 lulso
681 5165 787 5220 0111111
809 5167 892 5219 redut
908 5181 937 5219 au
954 5173 1080 5236 pausam,

115 5323 147 5390 1)
167 5317 321 5390 uterina,
337 5317 527 5376 Atrahaemis
540 5315 697 5391 episeopus.
714 5315 787 5372 filies
800 5313 986 5372 Gmrellani.

112 5406 277 5530 ilhptffl·
295 5405 359 5462 hen.
373 5405 495 5474 esaiae-1
513 5403 663 5464 8111111111
683 5419 740 5460 nan
760 5399 866 5472 edidit,
891 5399 939 5458 sed
952 5391 1080 5476 leguntur

950 4433 1080 4506 111111

945 4527 1079 4560 M

664 319 1099 400 EPISTULARUM
1150 317 1258 399 LlB.
1289 317 1372 396 ΧΠ.
1426 317 1558 398 1551.

2069 322 2145 396 910

1321 483 1377 560 D.
1399 483 1593 562 Alderto
1620 485 1962 586 Hardebergio.

1143 621 1191 711 S.
1216 635 1262 714 D.
1312 637 1523 712 Reverende

1545 641 1603 711 vir
1627 653 1662 712 et
1683 640 1800 716 cariss.
1826 641 1945 716 frater.
2004 639 2045 714 Si
2067 640 2141 714 urla

1052 791 1059 809 .
1143 741 1342 810 communis
1367 741 1514 831 legatio,
1547 743 1692 812 nomine
1719 743 1880 813 omnium
1902 724 2140 813 Ecclesiarunt

1143 855 1205 911 aut
1231 855 1323 910 certe
1350 842 1605 934 plurimarum,
1641 867 1730 936 qrrac
1747 843 1928 936 puriorem
1944 845 2142 914 doctrinam

1144 941 1372 1034 profitentur,
1405 943 1510 1013 missa
1531 943 1655 1015 luisset
1669 937 1725 1038 ⁸),
1751 957 1790 1014 ut
1809 957 1891 1015 ante
1908 969 2043 1015 annum
2060 967 2142 1014 sua-

1143 1043 1287 1128 debam,
1312 1065 1378 1114 nec
1401 1045 1557 1126 labores,
1584 1069 1649 1114 uec
1664 1046 1841 1138 pericula,
1866 1069 1931 1115 nec
1947 1045 2143 1116 calumnias

1142 1145 1356 1214 metuissem.
1409 1144 1481 1217 Sed
1506 1171 1586 1217 cum
1610 1169 1675 1215 nos
1692 1147 1759 1216 soli
1775 1148 2014 1233 mitteremus,
2040 1169 2142 1216 secu·

1143 1257 1243 1314 turae
1266 1257 1367 1316 erant
1390 1270 1503 1317 novae
1527 1243 1828 1339 reprehensiones.
1879 1245 1999 1336 Quare
2021 1269 2139 1340 sparsa

1143 1345 1228 1415 belli
1249 1347 1361 1432 fama,
1388 1370 1449 1417 seu
1469 1363 1566 1420 moto
1591 1349 1710 1440 potius
1727 1347 1841 1432 bello,
1871 1369 2048 1438 regressus
2061 1371 2140 1417 sum

1143 1471 1183 1516 ex
1201 1447 1338 1521 itinere.
1389 1447 1462 1518 Nec
1479 1445 1586 1521 huius
1601 1449 1671 1518 mei
1693 1449 1831 1520 reditur
1848 1446 2141 1540 reprehensiones

1142 1571 1238 1620 curo.
1291 1545 1324 1618 Α
1348 1548 1433 1618 belli
1457 1551 1614 1620 consiliis
1637 1573 1781 1642 prorsus
1801 1551 1938 1620 alienus
1954 1571 2048 1636 sum,
2075 1573 2140 1620 ncc

1142 1649 1229 1742 quid
1255 1663 1379 1734 agatur
1399 1650 1485 1725 scio.
1544 1650 1648 1721 Nunc
1664 1652 1763 1722 aiunt
1779 1652 1933 1722 vinctam
1951 1673 2026 1721 esse
2043 1651 2140 1721 obsi-

1144 1751 1251 1820 dione
1269 1747 1436 1822 Ulmam.
1505 1749 1635 1844 Accepi
1659 1765 1816 1822 recentes
1838 1753 1971 1822 litteras
1989 1775 2008 1821 a
2023 1750 2140 1822 Fran·

1142 1851 1233 1921 cisco
1246 1847 1469 1944 Dryondro‚
1495 1856 1556 1946 qui
1572 1869 1692 1923 narrat
1708 1851 1941 1942 Argentinam
1957 1865 2042 1923 tunc
2057 1854 2140 1948 qui·

1142 1954 1223 2022 dem
1248 1954 1410 2022 nondum
1436 1977 1454 2021 a
1479 1953 1667 2024 foederatis
1690 1955 1914 2024 sollicitatam
1938 1953 2066 2038 lusisse,
2099 1967 2141 2024 ut

1141 2076 1178 2122 se
1202 2054 1252 2124 eis
1273 2055 1490 2143 adiungeret.
1542 2054 1668 2126 Studia
1691 2056 1873 2124 doctrinae
1888 2055 1953 2126 Dei
1970 2053 2139 2124 beneficio

1140 2149 1198 2222 his
1213 2149 1327 2226 adhuc
1345 2155 1533 2225 mediocria
1549 2170 1649 2241 sunt,
1674 2171 1709 2228 et
1724 2181 1788 2226 oro
1804 2155 1930 2238 Deum,
1957 2169 1998 2226 ut
2011 2151 2139 2226 harum

1141 2257 1327 2344 regionum
1360 2257 1598 2349 tranquillitas
1633 2259 1801 2326 diuturna
1836 2259 1898 2336 sit,
1939 2257 2076 2328 utinam
2105 2270 2141 2326 et

1141 2355 1323 2447 Principes
1342 2357 1387 2426 de
1401 2359 1580 2428 communi
1597 2359 1802 2428 defensione
1817 2357 1957 2430 Patriae
1970 2360 2140 2428 adversus

1140 2456 1329 2528 Turcicam
1345 2460 1569 2552 tyrannidem
1587 2461 1791 2548 cogitarent.
1813 2457 1959 2529 Certum
1977 2471 2028 2528 est
2042 2457 2140 2528 enirn

1141 2559 1290 2628 maiores
1313 2559 1483 2629 exercitus
1499 2557 1671 2630 Turcicus
1686 2574 1721 2631 et
1736 2559 1939 2630 Tartaricos
1953 2559 2083 2630 adduci
2099 2560 2139 2628 iu

1141 2657 1375 2744 Pannoniam,
1401 2684 1506 2754 quarn
1524 2663 1590 2730 ulli
1605 2659 1749 2732 Turcici
1766 2675 1868 2754 antea
1887 2660 2031 2731 adducti
2044 2674 2138 2734 sunt.

1139 2757 1213 2830 Nus
1239 2761 1391 2830 assiduis
1406 2761 1497 2832 votis
1512 2775 1546 2831 et
1564 2763 1751 2852 gemitibus
1766 2759 1960 2832 Ecclesiam
1975 2761 2049 2832 filio
2067 2761 2138 2831 Dei

1139 2864 1441 2946 commendemus,
1465 2887 1571 2956 quem
1587 2864 1716 2933 scimus
1730 2865 1811 2933 ideo
1826 2857 2019 2932 humanam
2033 2875 2139 2932 natu-

1139 2987 1215 3032 ram
1246 2962 1465 3049 assumsisse,
1503 2978 1543 3034 ut
1574 2966 1648 3057 ipse
1669 2989 1736 3035 nos
1761 2977 1932 3035 sustentet
1954 2977 1988 3036 et
2011 2979 2138 3038 servet.

1139 3055 1330 3134 Osiander
1343 3087 1456 3135 novos
1471 3063 1599 3136 Libros
1615 3071 1737 3136 contra
1751 3089 1809 3136 me
1822 3067 1914 3147 edit,
1941 3087 2030 3158 quos
2042 3087 2138 3138 nou-

1139 3167 1223 3235 dum
1247 3167 1341 3250 vidi,
1367 3189 1447 3236 cum
1467 3167 1611 3260 quidem
1634 3191 1739 3236 nemo
1753 3170 1982 3258 responderet
1995 3165 2028 3235 ei
2045 3165 2136 3234 mol-

1138 3267 1225 3347 lius,
1257 3291 1363 3362 quam
1394 3289 1468 3355 ego.
1532 3265 1653 3337 Tuum
1684 3269 1855 3338 iudicium
1884 3269 1989 3339 etiam
2011 3267 2136 3336 audire

1137 3369 1255 3462 cupio.
1304 3367 1403 3440 Bene
1425 3367 1514 3442 vale.
1564 3365 1643 3441 Cal.
1664 3365 1884 3444 1111111552.

1646 3464 1836 3564 Philippus
1859 3463 2085 3544 Melanthon.

1135 3817 1338 3946 Q.

1324 4005 1600 4094 Mattheaiue
1627 4005 1694 4092 ad
1721 4003 1947 4094 Maronea.

1201 4157 1226 4231 a
1245 4159 1283 4216 s.
1299 4158 1466 4232 nimpe.
1485 4157 1642 4228 masmar,
1667 4159 1696 4214 a
1713 4161 1776 4220 ..a
1794 4159 1878 4217 ooo
1894 4159 1953 4220 ses.
1971 4179 2015 4234 a..
2026 4161 2089 4219 asa.

1976 3837 2007 3898 1.
2022 3823 2108 3892 illati.

1952 3915 2126 3950 W

1138 4311 1360 4394 Venerando
1382 4315 1477 4402 viro,
1504 4311 1654 4389 dominu
1678 4309 1912 4415 Philippo
1937 4313 2129 4390 Melan-

1183 4413 1333 4508 thoni,
1361 4417 1589 4516 praeceptori
1604 4428 1637 4490 et
1650 4417 1771 4488 enrico
1781 4443 1850 4490 suo
1864 4413 2079 4498 venerando.

1388 4539 1426 4606 In
1441 4540 1631 4608 1511111111.
1646 4541 1744 4606 Panto
1758 4541 1868 4608 Elem.

1132 4672 1182 4762 S.
1209 4683 1254 4760 D.
1304 4683 1518 4754 Veneranda
1551 4683 1696 4754 domine
1724 4697 1928 4776 praeceptor
1959 4699 1995 4757 et
2016 4685 2127 4758 amice

1132 4787 1320 4860 carissime.
1378 4783 1432 4854 M.
1458 4779 1610 4880 Mylius
1624 4779 1652 4882 Ι)
1683 4779 1742 4856 hic
1773 4787 1952 4856 detinetur
1983 4799 2128 4879 propter

1132 4889 1291 4980 negotia,
1313 4909 1404 4981 quae
1420 4897 1537 4956 tamen
1555 4885 1758 4978 propediem
1775 4887 2015 4980 expedientur.
2054 4885 2127 4978 lgi-

1130 5004 1190 5062 tur
1213 5011 1277 5080 per
1297 4983 1394 5059 hunc
1416 4987 1638 5057 tabellarium
1664 4985 1817 5058 scribere
1842 4987 1959 5074 volui,
1991 5001 2033 5060 ut
2060 5009 2126 5059 voa

1129 5093 1292 5160 docemus
1325 5091 1369 5156 de
1397 5089 1519 5158 multis
1546 5101 1581 5158 et
1603 5083 1791 5158 horrendis
1811 5095 1929 5158 terroe
1952 5085 2127 5178 mulidus,

1129 5213 1219 5285 qnos
1233 5213 1297 5282 per
1309 5190 1414 5260 ferias
1430 5185 1613 5282 paschatos
1628 5184 1687 5260 hic
1701 5185 1901 5264 habuimus.

1130 5325 1489 5452 Wridemun.

1165 5469 1191 5534 1)
1211 5467 1254 5524 De
1271 5467 1360 5541 Mylio
1379 5465 1432 5524 rid.
1451 5486 1494 5539 ep.
1511 5466 1546 5522 ad
1564 5465 1693 5526 Marum
1711 5467 1901 5528 1117111111.
