4592 6218
89 341 143 415 nt
622 331 1061 414 uetsruutuutt
1113 331 1331 411 urnxu.
1385 331 1547 418 ross.¹
1647 287 1652 297 ⁸
1858 303 1868 320 '
2018 334 2096 413 rae

16 595 19 616 Ι
84 519 158 585 dona
178 505 394 597 homiuibus,
410 503 518 582 'alios
542 503 687 606 quidem
712 504 921 602 prophetas,
955 509 1045 578 alios
1096 519 1198 601 saepe
1222 507 1363 579 duriter
1386 506 1581 590 orriciatur,
1615 517 1750 578 etcum
1776 501 1842 578 hac
1868 529 1954 579 voce
1975 527 2097 602 repre-

84 613 244 708 apostolos,
269 613 358 682 alios
372 611 623 702 evangelistas,
647 613 737 683 alios
754 625 930 704 pastores,
956 609 1045 680 alios
1098 609 1240 682 hendit:
1266 607 1469 683 Currebnnt
1483 623 1517 680 ει
1533 629 1608 680 nou
1625 607 1807 681 mittebam
1823 661 1833 684 .
1848 662 1858 684 .
1872 655 1884 682 .
1897 661 1908 684 .
1923 633 2001 694 eos,
2019 635 2098 682 ma-

82 719 214 788 doctores
226 727 289 784 etc.
314 711 422 785 Hunc
438 736 668 806 agnoscamus
686 737 826 784 servare
839 711 1046 798 Ecclesiam,
1097 737 1167 805 gno
1189 715 1227 781 in
1244 713 1406 804 periculo
1422 723 1484 783 est.
1536 707 1579 778 ln
1598 703 1758 780 historiis
1774 707 1924 802 legimus
1939 712 2098 783 vocatio-

82 831 109 888 ct
127 815 154 886 ei
172 815 293 906 gratias
316 839 476 907 agamus,
505 829 539 886 et
555 815 631 886 eius
645 815 827 886 beneficiis
844 827 1046 884 reverenter
1098 839 1180 884 nem
1195 838 1257 885 seu
1274 811 1484 892 electiones,
1509 809 1592 880 volo
1608 811 1704 880 enim
1727 813 1848 884 abesse
1869 809 2097 914 λογομαχίας

80 920 223 992 huarnur.
248 917 317 988 llic
330 917 480 1010 protulit
496 940 537 986 ex
551 917 634 987 sinu
648 916 784 987 aeterni
801 911 1046 992 PatrisEvan-
1099 921 1143 986 de
1163 917 1363 1000 vocabulis,
1388 917 1497 984 iactas
1518 935 1591 983 esse
1615 936 1679 1004 per
1695 913 1861 1006 suffragia
1876 915 1989 987 totius
2002 917 2101 988 mul-

18 1045 20 1060 ·
80 1020 199 1106 gelium,
221 1013 279 1088 bic
293 1019 532 1089 ministerium
549 1013 804 1107 Evangelicum
821 1018 992 1102 instituit,
1014 1027 1047 1086 et
1099 1017 1276 1092 titudinis.
1310 1015 1405 1088 Huic
1420 1015 1584 1087 successit
1600 1014 1724 1085 electio
1744 1037 1804 1088 seu
1820 1019 1981 1103 vocatio,
2009 1041 2098 1112 quae

79 1123 217 1190 doctores
230 1118 325 1190 misit
340 1133 375 1190 et
390 1120 511 1190 mittit.
534 1115 712 1194 Rom‚X.:
737 1117 929 1210 Quomodo
945 1143 1047 1210 prae·
1099 1142 1197 1190 nunc
1228 1121 1268 1195 lit
1298 1143 1362 1212 per
1390 1115 1578 1210 praecipua
1614 1117 1772 1187 membra
1798 1116 1996 1205 Ecclesiae,
2033 1143 2098 1212 per

17 1295 20 1315 .
78 1221 224 1292 dicabunt
237 1221 308 1290 nisi
320 1221 420 1292 missi
434 1219 594 1294 fuerint?
643 1217 761 1292 Mittit
777 1234 895 1292 autem
911 1221 1048 1290 velvo-
1101 1221 1297 1314 principes,
1324 1233 1503 1302 senatum,
1529 1212 1701 1288 adhibitis
1724 1219 1905 1314 aliquibus
1922 1219 2099 1292 ministris

16 1324 18 1336 '
75 1335 156 1394 catos
178 1345 234 1392 sua
256 1345 342 1392 voce
364 1321 586 1408 immediate,
617 1322 674 1390 vel
690 1336 831 1392 vocatos
847 1315 1048 1413 perEccle-
1100 1321 1299 1412 Evangelii,
1325 1337 1366 1394 ut
1381 1322 1452 1392 sint
1470 1319 1689 1410 inspectores
1705 1321 1898 1398 doctrinae.
1936 1321 2007 1394 Ubi
2022 1345 2097 1392 nou

75 1424 149 1494 siam
169 1435 223 1494 aut
248 1446 416 1516 personas
439 1437 551 1496 certas
572 1423 721 1494 nominc
742 1421 931 1493 Ecclesiae.
994 1421 1048 1494 De
1100 1437 1151 1494 est
1173 1419 1377 1518 prophetica
1398 1423 1455 1492 vel
1478 1421 1671 1514 apostolica
1688 1421 1830 1510 missio,
1852 1425 1898 1494 de
1913 1447 1983 1516 qua
1998 1421 2099 1512 prius

15 1501 20 1613 ξ
72 1525 123 1594 illa
146 1524 306 1596 missione
323 1547 385 1596 seu
400 1525 606 1608 vocatione,
635 1549 706 1618 qua
722 1523 925 1596 immediate
940 1523 1049 1596 mittit
1101 1527 1235 1597 dictum
1257 1517 1325 1612 est',
1358 1539 1452 1595 recte
1473 1523 1626 1594 dicimus
1647 1523 1829 1594 nerninem
1853 1524 2098 1616 deherelungi

16 1624 20 1640 '
72 1627 233 1708 doctores,
275 1624 366 1700 sicut
391 1621 584 1720 prophetae
610 1637 646 1698 ct
671 1625 822 1720 apostoli
845 1627 1049 1712 mittuntur,
1101 1629 1298 1698 ministerio
1313 1627 1390 1697 sine
1405 1621 1471 1696 hac
1488 1625 1675 1694 vocatione
1691 1625 1856 1712 mediata,
1879 1626 1975 1697 iuxta
1989 1626 2097 1696 illud:

15 1736 18 1823 j
70 1751 134 1798 non
154 1727 384 1822 disputemus.
436 1725 538 1800 Talis
554 1725 676 1798 missio
692 1727 870 1820 singulare
886 1727 1047 1808 etexcel-
1102 1729 1214 1800 Nemo
1255 1729 1301 1800 sit
1335 1720 1714 1824 ἀλλοτριοεπίσκοπος.
1784 1725 1873 1797 ltem
1908 1727 2099 1800 durissime

14 1828 18 1921 J
67 1827 135 1899 lens
154 1827 361 1902 beneficium
375 1825 445 1901 Dei
459 1843 530 1916 est,
555 1855 626 1922 quo
642 1827 795 1900 subinde
808 1829 961 1902 restituit
978 1825 1049 1900 Ec-
1100 1829 1348 1903 condemnatio
1365 1841 1433 1900 est:
1466 1830 1656 1899 currebant
1670 1841 1705 1898 et
1725 1853 1800 1900 uon
1821 1829 2006 1900 mittebam
2029 1851 2099 1904 eos.

67 1929 213 2016 clesiam,
239 1943 275 2002 et
296 1929 346 2000 sic
369 1931 486 2002 missis
507 1933 608 2004 addit
624 1929 845 2017 testimonia,
869 1931 1050 2016 miracula,
1101 1931 1198 2002 Haec
1209 1933 1348 2004 vocatio
1366 1931 1602 2023 complectens
1619 1931 1732 2021 ipsam
1748 1953 1919 2024 personae
1932 1929 2100 2001 uomina-

64 2046 93 2102 et
108 2032 200 2102 modi
216 2031 398 2104 missionis
412 2033 558 2104 suerunt
574 2047 610 2104 ει
622 2046 706 2104 sunt
726 2031 951 2126 multiplices.
1002 2029 1051 2104 Et
1100 2036 1236 2106 tionem
1267 2059 1330 2105 seu
1356 2033 1582 2116 electionem,
1621 2031 1803 2102 doctrinae
1829 2033 2100 2124 inspectionem,

64 2155 156 2224 saepe
178 2133 280 2204 addit
301 2127 489 2204 hominum
514 2133 736 2220 testimonia,
761 2147 803 2206 ut
816 2157 976 2205 summus
994 2156 1050 2204 sa·
1100 2135 1381 2208 testificationem
1394 2137 1489 2226 apud
1504 2129 1699 2204 Ecclesiam
1716 2147 1751 2205 et
1763 2135 2020 2226 precationem,
2046 2145 2099 2204 est

61 2230 251 2306 cerdosEli
274 2235 338 2306 scit
355 2233 555 2307 Samuelem
583 2235 700 2306 vocari
722 2235 907 2310 divinitus.
957 2231 1050 2306 Pau-
1101 2239 1215 2328 reipsa
1233 2237 1429 2320 ordinatio,
1450 2229 1851 2330 qttaehicnomiuatur,
1877 2256 1983 2329 quam
2002 2232 2099 2306 Deus

61 2335 129 2404 lum
152 2336 272 2408 sciunt
297 2337 415 2408 vocari
438 2337 611 2428 collegae,
638 2335 700 2432 qui
723 2351 807 2408 sunt
828 2361 899 2408 una
920 2331 1050 2408 Antio-
1102 2341 1179 2409 vult
1195 2363 1257 2431 per
1272 2333 1436 2408 homines
1449 2338 1488 2406 in
1505 2333 1662 2408 Ecclesia
1681 2336 1768 2411 lieri.
1808 2335 1887 2429 lpse
1902 2361 1986 2410 vero
2002 2335 2098 2406 salu·

59 2431 173 2518 clu'ae,
201 2437 336 2534 quibus
358 2437 507 2510 dicitur:
540 2435 725 2530 Segregate
741 2431 833 2508 mihi
848 2435 1050 2510 Barnabam
1101 2453 1194 2512 tares
1209 2439 1392 2512 ministros
1406 2440 1509 2530 ungit
1525 2439 1652 2530 spiritu
1668 2461 1732 2507 suo
1749 2453 1881 2512 sancto.
1928 2437 2006 2531 lpse
2023 2461 2099 2508 ma·

59 2537 251 2610 etSaulum
273 2541 318 2610 ad
341 2564 431 2630 opus
454 2540 662 2628 ministerii,
691 2541 736 2612 ad
759 2541 854 2634 quod
874 2541 1051 2632 segregavi
1103 2567 1171 2614 nus
1195 2541 1368 2636 imponit,
1398 2556 1433 2614 et
1454 2539 1632 2612 benedicit
1658 2539 1868 2613 ministerio.
1899 2577 1949 2595 -
2001 2537 2097 2609 Haec
2163 2599 2168 2606 .

56 2636 396 2728 eos,Actorum1ll.
447 2639 536 2714 Vult
551 2639 648 2716 Deus
663 2642 820 2736 conspici
837 2642 1052 2726 testimonia,
1102 2669 1193 2740 quae
1208 2645 1295 2732 dixi,
1320 2644 1442 2715 onmia
1458 2641 1547 2714 iuris
1561 2641 1678 2712 divini
1693 2664 1767 2711 esse
1782 2665 1857 2712 uon
1871 2639 2009 2726 dubito,
2035 2665 2099 2710 vo-

57 2757 92 2810 ut
111 2755 145 2812 et
160 2741 229 2836 ipsi
247 2744 415 2814 docentes
432 2756 465 2816 et
479 2739 658 2816 Ecclesiae
675 2743 746 2815 sint
760 2757 874 2816 certae
888 2745 933 2814 de
946 2768 1051 2814 voca-
1102 2747 1294 2833 cationem,
1319 2745 1576 2838 inspectionem
1592 2743 1795 2832 doctrinae,
1816 2743 2096 2814 testificationem

53 2843 147 2914 tione
169 2859 205 2916 et
219 2847 268 2914 de
281 2845 455 2919 doctrina.
506 2845 603 2918 Haec
619 2845 739 2916 missio
756 2869 816 2918 seu
831 2847 969 2916 vocatio
984 2845 1052 2918 im-
1102 2851 1195 2940 apud
1221 2845 1472 2919 Ecclesiam'et
1493 2846 1744 2938 precationem.
1806 2841 1854 2916 Et
1881 2839 1940 2914 hic
1963 2843 2098 2916 utilitas

53 2946 204 3018 mediata
237 2959 292 3016 cst
317 2947 426 3018 simul
452 2948 632 3018 ordinatio
661 2947 788 3018 talium
811 2971 1052 3039 personarum.
1103 2951 1356 3023 consideretur.
1408 2947 1535 3038 Qualis
1558 2947 1740 3018 barbaries
1756 2961 1864 3030 esset,
1889 2946 1917 3013 si
1935 2939 2097 3014 homines

50 3041 95 3118 Et
115 3045 218 3118 Deus
242 3047 345 3119 addit
367 3048 584 3122 unctionem.
642 3047 756 3120 Filius
777 3063 905 3120 unctus
926 3050 971 3120 ab
992 3073 1051 3119 ae·
1103 3075 1178 3122 non
1198 3053 1314 3122 vocati
1336 3064 1492 3122 autnon
1515 3050 1686 3143 explorati
1710 3052 1948 3145 undecunque
1974 3047 2010 3116 in
2028 3041 2098 3115 Ec·

50 3161 148 3220 terno
165 3163 289 3242 patre,
313 3163 448 3220 ceteros
466 3151 617 3242 ungitet
632 3151 829 3222 sacerdotes
843 3151 938 3235 lacit,
961 3151 1053 3222 sicut
1102 3151 1225 3223 clesias
1257 3151 1515 3245 irrumperent!
1554 3165 1726 3246 quantum
1761 3151 1867 3220 etiam
1899 3149 2097 3240 periculum

46 3251 180 3322 dicitur
204 3253 253 3322 de
272 3250 361 3320 lilio:
390 3249 546 3344 Spiritus
563 3252 701 3322 domini
717 3275 914 3345 superine,
940 3276 1052 3346 eoque
1103 3269 1202 3326 esset.
1255 3254 1343 3326 Vult
1365 3259 1452 3325 deus
1467 3249 1705 3326 Ecclesiarum
1729 3265 1869 3323 coetum
1888 3271 1962 3320 esse
1984 3245 2097 3318 hone-

44 3353 147 3425 unxit
161 3377 236 3427 me.
271 3347 319 3422 Et
334 3349 549 3428 Peliacas:
576 3351 764 3446 Propterea
780 3353 883 3426 unxit
900 3368 933 3426 te
943 3349 1053 3441 Deus,
1103 3357 1253 3428 ctissime
1268 3358 1494 3442 ordinatum,
1518 3367 1559 3426 ut
1573 3353 1706 3424 Paulus
1720 3352 1854 3446 inquit:
1876 3351 1995 3422 omnia
2010 3351 2098 3421 fiant

42 3449 141 3526 Deus
167 3470 260 3526 tuus
281 3453 360 3524 oleo
386 3453 555 3540 laetitiae,
593 3468 738 3549 propter
760 3470 941 3528 consortes
960 3471 1053 3534 tuos.
1103 3461 1228 3530 decore
1242 3473 1276 3530 et
1290 3459 1426 3542 ordine,
1452 3459 1537 3528 item
1552 3451 1723 3540 Ecclesia,
1742 3467 1782 3524 ut
1796 3467 1991 3526 castrorum
2005 3451 2097 3536 acies

38 3549 86 3626 Et
111 3557 152 3628 in
181 3555 266 3648 lege
290 3553 364 3648 typi
387 3555 531 3626 scierunt
551 3551 659 3626 huius
680 3557 870 3628 unctionis.
924 3555 1053 3648 ingens
1103 3563 1303 3634 ordinatur.
1354 3559 1436 3630 Non
1461 3557 1538 3629 vult
1554 3579 1626 3626 esse
1642 3558 1679 3624 in
1697 3581 1736 3625 ea
1752 3555 1953 3626 barbaricas
1970 3555 2097 3624 coufu-

39 3657 271 3728 beneficium
296 3653 364 3726 Dei
395 3673 463 3742 est,
497 3669 531 3730 et
563 3657 619 3728 ius
647 3657 843 3730 vocationis
867 3659 1052 3742 mediatae,
1103 3663 1220 3734 sioncs
1237 3679 1270 3734 et
1286 3653 1584 3745 dedecorosior,
1613 3672 1674 3728 aut
1692 3657 1794 3728 illum
1815 3681 1950 3727 morem
1967 3651 2098 3748 Cyclo-

35 3761 138 3854 quod
158 3759 336 3828 videlicet
349 3755 445 3828 Deus
461 3759 669 3850 regulariter
684 3759 762 3831 vult
777 3783 862 3832 voce
874 3757 1053 3832 Ecclesiae
1102 3789 1189 3857 pum
1206 3765 1335 3858 dequo
1351 3763 1499 3834 dicitur:
1525 3753 1651 3834 ἀκούει
1668 3755 1790 3841 οὐδεὶς
1805 3751 1917 3832 οὐδὲν
1933 3751 2096 3836 οὐδένες.

35 3861 164 3932 vocari
193 3855 366 3932 homines
391 3863 435 3930 ad
457 3861 694 3932 ministerium
713 3857 987 3952 Evangelicum,
1019 3877 1053 3934 ει
1102 3864 1174 3938 Sed
1201 3863 1300 3956 sigua
1326 3863 1582 3938 testificationis
1608 3865 1701 3954 apud
1728 3859 1922 3934 Ecclesiam
1948 3871 2097 3954 possunt

31 3963 233 4044 adfirmat,
269 3961 506 4032 ministerium
523 3963 750 4048 efficacem,
775 3963 881 4034 etiam
902 3987 981 4034 cum
998 3977 1052 4036 ta-
1103 3991 1178 4038 esse
1202 3967 1309 4038 verba
1336 3967 1393 4038 vel
1415 3965 1521 4053 ritus,
1558 3979 1598 4036 ut
1619 3965 1687 4036 luit
1708 3987 1880 4034 manuum
1904 3959 2096 4052 impositio,

32 4063 84 4134 les
122 4063 256 4136 vocati
290 4063 441 4134 mediate
470 4087 535 4156 per
559 4057 753 4134 Ecclesiam
778 4089 820 4135 eo
842 4065 1052 4155 iunguntur.
1103 4093 1206 4163 quern
1231 4070 1342 4140 ritum
1366 4084 1401 4140 et
1422 4092 1488 4140 uos
1508 4059 1624 4140 adhuc
1641 4087 1845 4146 ¹sereremus,
1880 4064 1962 4156 quia
1981 4059 2129 4130 mani-s

28 4163 113 4238 Hoc
138 4163 370 4238 beneficium
388 4165 530 4254 agnosci
548 4177 582 4236 et
596 4165 748 4256 intelligi
762 4165 802 4236 iu
816 4159 973 4240 Ecclesia
989 4191 1052 4238 ne-
1101 4171 1230 4242 testum
1258 4185 1309 4242 est
1329 4165 1426 4242 bunc
1447 4167 1724 4242 vetustissimum
1747 4167 1875 4252 ritum,
1917 4159 2094 4257 quietio

28 4291 131 4338 cesse
148 4283 227 4343 est.
263 4263 455 4356 Quomodo
471 4281 589 4338 eutem
604 4262 691 4338 baec
707 4267 843 4340 vocatio
859 4269 945 4340 olim
963 4269 1051 4342 lacta
1102 4267 1260 4344 Ecclesia
1275 4287 1414 4366 patrum
1431 4273 1581 4342 usitatus
1597 4269 1683 4348 tuit,
1706 4267 1883 4358 apostolos
1896 4261 2096 4356 pastoribus

26 4372 101 4456 sit,
132 4367 351 4444 ostendunt
372 4369 467 4440 dicta
488 4365 655 4440 iuPaulo
679 4363 908 4446 ethistoriae.
958 4369 1053 4444 Pau·
1102 4375 1307 4460 tradidisse,
1337 4375 1401 4469 qui
1422 4385 1501 4464 post
1523 4373 1617 4466 ipsos
1642 4367 1838 4440 ministerio
1864 4366 1977 4436 iuncti
2000 4375 2094 4448 suut,

23 4471 86 4542 lus
112 4469 308 4566 praecipit
324 4467 426 4556 Tito,
457 4483 499 4542 ut
520 4469 711 4542 constituat
733 4471 914 4542 ministros
929 4467 1052 4546 Evan-
1102 4489 1141 4546 ut
1156 4471 1348 4548 Timotheo
1371 4473 1554 4546 scribitur:
1583 4467 1727 4540 Nemini
1750 4469 1821 4540 cito
1837 4489 1964 4538 manus
1976 4465 2094 4556 impo-

19 4577 135 4663 gelii;
179 4585 224 4644 et
251 4572 297 4640 ed
316 4565 547 4644 Timotheum
562 4571 703 4644 scribit:
737 4569 880 4644 Nemini
898 4575 967 4646 cito
982 4575 1052 4646 im·
1103 4577 1192 4652 nito.
1243 4575 1338 4668 Papa
1363 4589 1396 4646 et
1412 4571 1579 4666 Episcopi
1602 4572 1725 4642 multis
1747 4569 1874 4642 seculis
1888 4561 1980 4638 hanc
1996 4566 2094 4636 testi·

15 4677 171 4766 ponito
204 4693 349 4746 manus.
415 4669 598 4744 Vocabant
621 4673 731 4762 igitur
754 4673 821 4764 ipsi
845 4677 996 4766 apostoli
1020 4691 1052 4748 ει
1102 4678 1320 4764 bontionem,
1345 4699 1451 4770 quam
1465 4675 1656 4746 nominant
1669 4669 1948 4754 ordinationem,
1972 4665 2095 4738 multis

13 4793 210 4868 pastores
227 4773 322 4844 alios
335 4771 529 4858 ministros,
548 4789 583 4846 ει
598 4775 698 4864 signo
715 4775 860 4860 usitato,
881 4801 1051 4850 manuum
1103 4779 1219 4848 modis
1240 4778 1581 4850 contaminaverunt.
1633 4766 2093 4862 Addidemntlmpiasopi-

11 4875 289 4972 impositione
309 4873 538 4944 declarabant
556 4875 797 4962 vocationem,
828 4891 870 4950 ut
886 4879 973 4972 ipsis
988 4905 1052 4952 vo·
1103 4881 1230 4950 niones
1250 4879 1380 4950 multas
1398 4880 1443 4949 de
1456 4879 1625 4950 sacrificio
1640 4900 1706 4970 pro
1722 4875 1820 4956 aliis,
1848 4874 1893 4944 de
1906 4873 2003 4944 falsis
2016 4871 2095 4942 cul-

8 4981 114 5052 catis
135 4975 282 5050 notior
296 4987 403 5056 suet,
427 4989 462 5048 et
477 4987 564 5046 nota
579 4971 871 5050 cssetEcclesiae.
1102 4981 1216 5068 tibus,
1247 4979 1331 5054 item
1358 4979 1501 5052 vincula
1527 4979 1658 5052 iniusta
1685 4999 1881 5060 canonum,
1914 4973 1999 5047 item
2024 4997 2092 5044 un-

136 5077 396 5148 Vocationem
429 5088 568 5170 oportet
599 5073 777 5148 Ecclesiae
805 5079 975 5162 indicari,
1013 5095 1053 5152 ut
1103 5083 1236 5156 ctioues
1262 5107 1325 5176 per
1353 5083 1471 5154 oleum
1500 5095 1739 5154 consecratum
1762 5075 1905 5170 mapcis
1928 5067 2094 5168 blasphe-

7 5183 288 5252 manifestum
312 5193 364 5250 est
386 5199 449 5250 seu
471 5177 607 5263 verbis,
630 5201 692 5248 seu
712 5201 925 5274 quocunque
939 5183 1053 5272 signo.
1103 5185 1184 5254 miis
1205 5198 1271 5260 etc.

4 5283 118 5376 ipsis
147 5280 279 5351 etiam
301 5279 432 5350 vocatis
453 5279 557 5350 valde
575 5281 717 5372 prodest
730 5279 819 5350 scire
833 5283 1052 5352 vocationem
1204 5283 1351 5358 Necesse
1372 5297 1424 5356 est
1443 5285 1552 5376 igitur
1574 5283 1684 5356 taxari
1707 5292 1741 5351 ει
1756 5279 1859 5352 vitari
1872 5275 1968 5350 hunc
1985 5279 2094 5350 ritum

6 5409 128 5454 nram
140 5433 157 5468 ,
205 5391 252 5450 ct
282 5374 413 5452 habere
445 5379 647 5454 testimonia
671 5381 822 5454 illustria
849 5383 1053 5472 vocationis,
1102 5383 1219 5478 Papae
1242 5403 1277 5460 et
1298 5383 1568 5480 Episcoporum.
1631 5381 1680 5454 Et
1704 5384 1762 5476 pie
1789 5383 1872 5452 lecit
1891 5371 2095 5462 Lethaeus,

4 5489 105 5582 guia
153 5481 393 5554 muscisntia
427 5505 546 5554 meum
579 5483 765 5577 disputans
797 5483 1054 5560 devocatione
1102 5487 1165 5584 qui
1187 5491 1232 5558 ad
1258 5513 1375 5560 veram
1393 5485 1585 5560 Ecclesiam
1609 5485 1788 5558 transtulit
1811 5505 1884 5554 nou
1902 5481 2095 5558 solumve:

1385 5584 1466 5662 tt·
