4586 6224
41 343 114 432 sts'

41 527 213 658 Q.

372 715 425 802 L.
449 653 663 804 Mollem.

97 885 171 962 Epist·
190 887 237 943 lib.
252 887 287 942 V.
305 907 332 962 p.
344 885 396 942 468
408 908 451 962 sq.

260 1041 533 1120 Laurentio
558 1044 772 1122 Mollero

758 629 1013 670 Μ

40 1181 78 1270 S.
95 1193 136 1266 D.
172 1193 399 1286 lntegerrime
416 1195 483 1284 vir,
509 1211 545 1270 et
559 1198 670 1269 amice
685 1194 901 1272 charissime.
939 1191 1018 1267 Etsi

39 1300 151 1370 multas
171 1293 338 1368 historias
362 1297 513 1370 viciniae
535 1313 670 1372 vestrae
694 1302 940 1386 audieramus,
964 1311 1019 1370 ta-

38 1425 108 1472 men
124 1403 289 1494 quaedam
306 1401 344 1469 in
360 1401 432 1472 tuis
447 1401 560 1472 literis
583 1405 804 1474 narrationes
820 1416 921 1473 erant
942 1402 1018 1494 ple-

36 1505 157 1583 niores,
189 1517 321 1597 tuoque
343 1527 465 1573 amore
492 1517 527 1576 et
548 1505 665 1576 officio
690 1507 864 1590 delector,
889 1528 930 1574 ac
950 1501 1019 1574 tibi

34 1609 168 1699 gratiam
186 1599 311 1692 habeo,
337 1601 423 1676 haec
440 1605 617 1700 colloquia
634 1632 709 1678 uon
726 1607 916 1681 omittenti.
953 1601 1020 1675 Est

32 1707 169 1780 omnino
184 1707 285 1800 quasi
303 1708 496 1800 speciosior
511 1705 689 1780 Ecclesiae
711 1711 928 1806 frequentia,
954 1710 1019 1777 do-

31 1837 92 1882 nec
118 1809 217 1880 multi
242 1811 353 1880 nostri
385 1810 522 1880 ordinis
550 1812 839 1884 coniunctionem
863 1823 1019 1884 tuentur.

29 1913 100 1986 Nec
128 1911 213 1982 iusta
240 1926 440 2000 causaest,
472 1937 535 1984 cur
563 1929 635 1986 tam
661 1915 852 1986 crudeliter
882 1928 1021 1985 nostras

27 2013 157 2088 Eccles.
178 2013 313 2110 alioqui
345 2028 496 2086 moestas
528 2017 641 2110 aliqui
668 2019 896 2091 insectentur.
948 2013 1020 2087 Sed

27 2117 104 2190 Deo
120 2139 181 2215 uos
203 2118 502 2191 commendamus.
555 2117 634 2190 Vox
655 2121 839 2192 doctrinae
862 2141 952 2214 quae
976 2116 1021 2187 sit

29 2225 66 2292 in
82 2218 287 2304 Academia,
311 2232 412 2311 potes
427 2220 531 2290 etiam
547 2245 589 2291 ex
604 2215 662 2292 his
684 2223 886 2294 recentibus
902 2219 1023 2314 pagel-

30 2325 73 2394 lis
87 2321 278 2406 aestimare,
303 2345 390 2416 quas
406 2322 520 2396 mitto.
552 2319 686 2397 Addidi
704 2337 738 2396 et
754 2349 820 2418 pro
836 2339 898 2396 tuo
914 2321 1020 2394 xenio

37 2417 168 2496 Galam·
187 2423 433 2495 dulcissimum
449 2425 612 2496 libellum
635 2422 692 2498 his
716 2427 842 2499 diebus
863 2422 923 2496 hic
945 2424 1023 2495 edi-

33 2545 114 2600 turu.
163 2523 205 2596 ln
219 2523 418 2618 Republica
434 2541 552 2598 motus
572 2531 732 2620 ingentes
748 2544 782 2602 et
799 2543 891 2602 astra
912 2527 1021 2597 mini-

31 2644 163 2712 tantur,
188 2641 221 2700 et
236 2628 374 2699 furores
387 2623 586 2702 homiuum.
620 2629 698 2704 Etsi
716 2633 810 2703 enim
827 2645 907 2726 post
925 2653 1043 2714 mor<

32 2749 99 2804 tem
121 2723 239 2800 Pauli
257 2729 373 2802 Tertii
388 2728 414 2828 ¹)
443 2733 483 2801 in
508 2730 648 2804 ltaliam
682 2737 922 2828 profecturum
949 2755 1024 2803 esse

33 2833 277 2926 imperatorem
294 2833 499 2920 ratiocinor,
525 2849 645 2906 tamen
660 2835 850 2909 Saxoniam
863 2829 1023 2930 Lycaon

33 2949 65 3006 et
89 2929 214 3006 Locus
231 2929 263 3028 ²)
296 2937 512 3024 movebunt,
545 2963 585 3008 ac
610 2941 797 3032 praecipue
826 2937 1025 3029 significant

33 3039 127 3129 genti
161 3037 354 3110 Saxonicae
389 3040 658 3112 coniunctiones
692 3044 784 3113 duae
809 3039 957 3114 Saturni
991 3049 1026 3110 et

31 3139 177 3224 lllartis,
202 3164 352 3234 quarum
367 3166 441 3212 uua
463 3143 533 3214 fuit
554 3145 593 3214 iu
611 3129 829 3238 Aegocerote
844 3139 890 3238 ³),
915 3143 1025 3213 altera

29 3239 98 3314 hoc
119 3241 314 3314 Februario
339 3243 407 3314 erit
427 3245 465 3314 iu
488 3241 659 3341 Aquario.
711 3245 782 3319 Sed
805 3243 922 3318 Deum
945 3268 1028 3315 ore-

26 3369 124 3428 mus,
154 3359 191 3416 ut
214 3342 390 3415 Ecclesias
418 3347 536 3440 ipsum
560 3373 641 3418 vere
670 3349 877 3420 invocantes
903 3360 1028 3432 servet,

25 3473 94 3518 nec
114 3447 227 3517 deleri
248 3447 342 3520 sinat
366 3449 482 3520 lucem
499 3447 699 3542 Evangelii.
750 3449 849 3522 Bene
870 3451 968 3536 vale,
994 3461 1029 3520 et

24 3551 171 3621 scribito
196 3549 345 3644 saepius.
412 3549 670 3624 Honestissime
694 3553 838 3646 coniugi
859 3567 942 3626 tuae
962 3577 1028 3646 pro

24 3653 135 3722 caseis
153 3651 284 3742 gratias
299 3675 375 3744 ago.
427 3651 496 3726 Die
509 3653 677 3732 Brumae.

542 3773 730 3874 Philippus
752 3725 979 3852 Melanthum

602 349 1046 432 EPISTOLARUM
1099 349 1293 430 Ltuxt.
1346 348 1479 429 sets.

1992 349 2069 426 stt

791 539 820 600 d.
845 539 981 599 brumae.
1068 527 1141 598 siae
1155 527 1257 622 quasi
1271 527 1382 618 magis
1396 517 1635 625 εὐπρόσωπος
1643 525 1794 613 videtur,
1810 528 1897 598 dum
1912 541 1945 600 et
1960 523 2066 598 multi

1070 631 1201 702 eruditi
1225 629 1487 716 voluntatibus,
1519 643 1554 702 et
1579 629 1764 702 sententiis
1784 629 1966 701 coniuncti
1990 651 2066 700 ma-

1070 745 1176 818 nent,
1199 745 1234 803 et
1248 731 1405 826 colloqui
1419 733 1600 803 interdurn
1613 745 1774 825 possunt.
1812 727 1987 804 Existimo
2003 755 2067 802 au-

1070 849 1142 906 tem
1163 827 1425 904 Dedefu‘ndum
1456 837 1501 905 de
1529 857 1616 904 voce
1638 829 1837 922 Ecclesiae,
1878 847 1913 906 et
1940 833 2068 906 studiis

1070 929 1284 1033 Academiae
1301 937 1437 1028 prolixe
1460 937 1626 1008 scrihere.
1679 934 1840 1028 Singulis
1862 935 2069 1030 septimanis

1070 1039 1143 1110 fere
1164 1033 1248 1109 hinc
1261 1039 1437 1110 mittimus
1458 1039 1587 1110 vicinis
1609 1039 1790 1130 gentibus,
1815 1038 1889 1110 imo
1911 1052 1946 1110 et
1962 1031 2069 1110 Pon-

1070 1138 1214 1227 noniis,
1239 1138 1426 1231 Evangelii
1444 1141 1636 1216 ministros.
1677 1137 1724 1211 Et
1743 1165 1785 1212 ex
1798 1141 1957 1234 pagellis,
1981 1165 2069 1235 quas

1070 1245 1190 1330 mitto,
1222 1244 1354 1335 poteris
1381 1243 1539 1314 iudicare
1566 1245 1611 1314 de
1634 1237 1909 1314 Academiarum
1932 1243 2069 1316 studiis.

1071 1344 1182 1438 Spero
1198 1341 1293 1439 μετὰ
1308 1340 1378 1440 τὴν
1393 1339 1567 1440 τελευτὴν
1580 1347 1650 1418 τοῦ
1660 1339 1858 1438 Ῥωμαίου
1875 1341 2070 1444 ἀρχιερέως

1070 1441 1215 1522 παύλου
1236 1443 1366 1542 τρίτου
1391 1471 1554 1540 magnam
1581 1461 1781 1520 secuturam
1806 1471 1879 1520 esse
1900 1449 2070 1520 mutatio-

1070 1574 1153 1620 nem
1176 1551 1406 1621 consiliorum
1433 1551 1473 1620 in
1492 1547 1634 1642 Repub.
1694 1547 1738 1620 ln
1755 1545 1910 1622 Austris
1934 1551 2071 1646 suppli-

1071 1653 1165 1724 cium
1183 1655 1227 1723 de
1242 1655 1397 1748 quodam
1412 1647 1557 1724 homine
1573 1675 1695 1723 recens
1711 1667 1892 1746 sumptum
1908 1667 1958 1726 est
1974 1667 2070 1725 atro-

1072 1755 1251 1826 cissimum
1284 1769 1427 1847 propter
1462 1753 1631 1826 violatam
1663 1753 1887 1851 Panegyrin,
1928 1757 1966 1826 in
2001 1779 2072 1851 qua

1071 1859 1333 1954 προσκυνεῖται
1352 1855 1473 1956 ἄρτος.
1525 1851 1681 1930 Oremus
1694 1854 1811 1929 Deum
1831 1871 1874 1930 ut
1895 1883 1961 1929 uos
1976 1872 2072 1949 regat

1073 1975 1107 2030 et
1121 1985 1222 2053 opem
1239 1961 1330 2032 ferat
1343 1957 1522 2031 Ecclesiae
1538 1981 1637 2045 suae,
1661 1983 1727 2030 nec
1741 1961 1835 2032 sinat
1846 1959 1924 2031 fieri
1940 1956 2073 2034 Ethui-

1073 2087 1148 2133 cam
1166 2062 1375 2134 vastitatem.
1424 2059 1521 2133 Beue
1541 2063 1630 2136 vale.
1681 2061 1749 2133 Die
1764 2061 1930 2135 Brumae.

1175 2163 1217 2234 ln
1235 2165 1314 2236 aula
1333 2164 1566 2238 deliberatum
1587 2163 1657 2236 fuit
1679 2165 1723 2236 de
1747 2165 1869 2257 legatis
1889 2165 2074 2263 mittendis

1073 2279 1219 2360 propter
1237 2255 1450 2341 Corvinum.

1476 2459 1628 2470 ω...-
1638 2459 1676 2468 -ι-
1685 2459 2032 2470 ..Μ-...η-
2040 2461 2072 2470 ι-

1090 2569 1158 2645 Νο.
1172 2567 1285 2645 4639.

1083 2667 1298 2710 W

1423 2739 1490 2833 Io.
1519 2741 1715 2830 Petreio.

1180 2887 1266 2964 Epist.
1282 2887 1332 2944 lib.
1346 2889 1380 2944 V.
1398 2903 1426 2958 p.
1438 2887 1492 2944 250
1502 2905 1541 2960 sq.

1932 2585 1985 2649 te.
1999 2578 2074 2648 Deo.

1932 2671 2072 2700 m

1076 3027 1325 3127 lntcgerrimo
1356 3027 1471 3114 Viro,
1506 3021 1710 3100 eruditione
1746 3033 1778 3096 el
1812 3023 1942 3096 virtute
1969 3049 2079 3124 prae-

1077 3132 1199 3207 stanti
1205 3130 1375 3205 Domino
1392 3125 1605 3202 Iohanni
1624 3123 1830 3216 Petreio,
1854 3126 1927 3199 civi
1939 3151 1983 3200 oe
1997 3123 2079 3226 Ty-

1066 3255 1070 3264 ·
1122 3230 1318 3336 pagrapho
1336 3229 1622 3332 Noribergeosi,
1648 3229 1768 3303 amieo
1786 3255 1855 3302 suo
1872 3225 2034 3306 colendo.

1081 3370 1130 3462 S.
1147 3385 1194 3460 D.
1246 3381 1476 3474 lntcgerrime
1504 3381 1571 3456 vir.
1628 3377 1720 3451 Cum
1748 3379 1794 3448 de
1820 3375 2019 3468 Republica
2040 3379 2079 3448 in

1081 3487 1334 3583 propagatione
1356 3485 1573 3576 optimarum
1604 3481 1735 3552 artium
1758 3479 1938 3572 praeclare
1961 3480 2080 3552 meriti

1082 3591 1177 3678 sitis,
1204 3590 1307 3659 valde
1322 3587 1505 3686 diligimus
1519 3608 1583 3656 vos
1598 3607 1661 3674 ego
1675 3581 1785 3654 etalii
1806 3581 1846 3650 iu
1861 3575 1927 3652 hac
1942 3577 2080 3654 Acade-

1082 3693 1164 3777 mia,
1182 3716 1262 3762 eum
1277 3691 1420 3785 quidem
1436 3687 1558 3759 multis
1572 3685 1757 3758 laboribus
1770 3684 1895 3755 vestris
1909 3684 2082 3756 fruamur.

1084 3793 1129 3866 Et
1142 3795 1328 3866 ostendere
1342 3792 1501 3863 studium
1516 3801 1677 3860 nostrum
1694 3785 1847 3856 vicissim
1863 3787 1966 3857 vobis
1981 3790 2083 3881 cupi-

1084 3921 1174 3968 mus.
1234 3893 1359 3990 ltaque
1390 3893 1435 3964 de
1468 3893 1688 3964 adolescente
1715 3889 1856 3960 locutus
1887 3913 1965 3960 sum
2000 3915 2081 3961 cum

1083 3991 1206 4072 Paulo
1228 3993 1373 4078 Eiuro,
1407 3997 1447 4068 iu
1470 3996 1571 4068 cuius
1598 3994 1745 4066 aedibus
1766 3986 1927 4062 habitare
1955 4008 2081 4084 posset,

1002 4177 1011 4196 ‚
1084 4119 1119 4176 et
1138 4127 1212 4175 esse
1232 4101 1425 4175 convictor.
1475 4096 1555 4170 Etsi
1570 4113 1687 4171 autem
1706 4087 2083 4189 nuncquidemPao-

368 4311 428 4398 Β.
455 4312 696 4400 Mutatio.

89 4485 182 4559 epau.
199 4485 247 4542 aas.
262 4485 299 4541 u.
317 4503 344 4560 p.
357 4485 417 4544 ssa.
435 4487 493 4559 (ea.
508 4485 859 4564 manusteneas).

233 4641 289 4717 D.
314 4640 563 4720 Buraardo
587 4642 833 4722 Mithobio

24 4773 67 4861 S.
90 4793 144 4870 D.
204 4795 247 4866 ln
266 4809 364 4868 tanto
380 4823 554 4870 concursu
570 4802 855 4896 occupationum,
881 4829 956 4876 nou
971 4831 1036 4902 po-

25 4895 71 4962 tui
89 4899 218 4972 multa
233 4899 396 4974 scrihere.
448 4897 540 4972 Cum
555 4901 699 4996 quidem
716 4919 750 4976 te
765 4922 910 5000 propter
924 4911 1037 4984 excel-

26 5011 160 5072 entem
187 5001 429 5074 eruditionem
447 5015 482 5074 et
498 5003 665 5074 virtutem
688 5009 791 5080 valde
812 5009 979 5102 diligam,
1003 5027 1038 5086 et

27 5117 140 5174 >etum
162 5103 373 5198 saepissime
391 5103 549 5200 colloqui
564 5107 716 5200 cupiam.
758 5109 900 5206 Species
913 5107 1038 5188 Eccle-

28 5271 257 5296 ''Q-nu*-

51 5377 78 5446 Ι)
99 5381 197 5438 Obiit
214 5381 244 5438 d.
263 5385 306 5438 to.
323 5381 396 5438 Nos.
417 5383 494 5440 ests.

48 5461 82 5530 ἲ)
104 5467 247 5522 Nomius
266 5465 343 5522 dedit
361 5467 395 5524 A.
416 5467 454 5528 D.
495 5469 644 5528 Saubertus
662 5469 741 5528 habet
759 5472 794 5528 Ν.
809 5473 885 5529 etN.

50 5545 78 5614 3)
101 5553 181 5608 ruis
203 5571 298 5610 meuse
313 5553 467 5610 Februario
487 5557 563 5614 tete.

30 5621 219 5698 tessun.
235 5635 341 5700 Orsa.
357 5634 437 5700 voe.
454 5629 535 5702 Vll.

1086 4203 1147 4278 Ius
1170 4200 1337 4276 Scholam
1363 4202 1591 4274 domesticam
1619 4225 1693 4271 nou
1726 4193 1851 4268 habet:
1876 4209 1995 4268 tamen
2019 4219 2082 4266 sua

1085 4307 1202 4380 officia
1231 4307 1334 4378 vobis
1358 4305 1473 4376 defert
1495 4315 1641 4397 propter
1667 4301 1881 4390 singularem
1911 4319 1991 4388 erga
2019 4319 2082 4368 vos

1087 4411 1383 4484 benevolentiam.
1436 4402 1485 4476 Et
1504 4399 1701 4474 authoritas
1725 4425 1764 4470 ac
1793 4400 1948 4470 eruditio
1968 4391 2087 4469 Pauli

1087 4513 1215 4586 eximia
1231 4526 1294 4594 est,
1320 4535 1359 4581 ac
1375 4532 1449 4580 nou
1465 4507 1580 4578 solum
1595 4505 1634 4574 iu
1650 4503 1760 4575 latina
1776 4515 1810 4574 et
1824 4525 1945 4593 graece
1962 4502 2084 4590 lingua

1087 4617 1344 4687 adolescentem
1359 4631 1518 4680 exercere
1534 4607 1653 4700 possit,
1668 4607 1727 4676 sed
1743 4607 1788 4676 ad
1803 4628 1860 4675 eas
1873 4619 1964 4676 artes
1976 4604 2084 4674 etiam

1088 4717 1321 4797 assuefacere,
1352 4733 1440 4807 quas
1463 4703 1696 4802 Philosophia
1721 4707 1899 4792 continet,
1932 4731 2022 4799 quos
2051 4721 2085 4778 et

1088 4819 1213 4894 amatis
1227 4831 1261 4890 et
1277 4813 1473 4889 illustratis.
1522 4809 1589 4886 Est
1602 4808 1730 4883 harum
1751 4808 1882 4880 artium
1896 4807 2086 4880 difficultas

1088 4945 1258 5014 magnum
1280 4919 1442 5004 frenum,
1466 4917 1555 4988 utile
1577 4915 1751 4988 moribus.
1802 4909 1845 4980 lo
1868 4907 1988 4982 Gallia
2008 4937 2083 4984 uon

1090 5037 1188 5097 tauta
1218 5036 1302 5094 sunt
1329 5021 1447 5094 studia
1475 5013 1749 5090 Mathemstum.
1802 5009 1879 5083 huo
1905 5014 2017 5108 aliqui
2042 5039 2083 5084 ex

1089 5127 1220 5200 nostris
1235 5123 1459 5197 auditoribus
1481 5121 1520 5191 iu
1533 5119 1654 5192 Gallia
1675 5120 1840 5190 docentes
1855 5111 2086 5198 Mathemata‚

1090 5227 1159 5302 hoc
1175 5230 1297 5302 labore
1317 5251 1354 5298 se
1369 5235 1622 5298 sustentarunt.
1674 5219 1772 5290 ldem
1794 5217 1987 5311 aliquando
2008 5231 2086 5309 post

1090 5345 1206 5404 vester
1219 5331 1313 5402 lilius
1328 5329 1444 5400 facere
1459 5337 1588 5420 posset.
1638 5321 1737 5394 Beue
1753 5335 1788 5392 et
1801 5321 1952 5392 feliciter
1969 5319 2085 5391 valete

1089 5433 1157 5509 Die
1174 5433 1232 5508 16.
1246 5431 1453 5506 Decembris
1467 5425 1578 5504 tots.

1600 5521 1790 5620 Philippus
1813 5460 2050 5598 Melnutlron.¹

1439 5634 1489 5708 88
