4748 6216
219 295 292 372 107

216 464 391 544 miseriis?
440 461 620 536 imovero
642 454 710 534 bac
732 454 888 536 anchora
911 459 1079 552 nitimur,
1105 459 1214 556 quod,

218 598 300 646 cum
315 567 472 641 Ecclesia
485 563 553 636 Dci
569 587 735 636 mansura
750 563 796 638 sit
810 563 849 636 in
863 587 904 634 co
922 563 999 656 ipso
1015 577 1129 652 coctu,
1152 561 1215 662 qui

219 699 342 746 vocem
361 668 535 760 evangelii
552 669 793 760 incorruptam
812 668 911 738 docet
930 681 964 740 et
976 665 1100 753 discit,
1136 689 1215 760 spc-

219 802 281 858 ro,
313 773 427 846 Deum
452 784 672 842 servaturum
696 792 769 840 esse
786 783 947 840 nostrum
967 785 1117 842 coetum.
1167 763 1216 838 Et

218 875 286 948 bac
302 898 362 968 spe
379 897 502 966 operas
518 867 739 942 scholasticas
755 871 918 942 iacimus:
945 896 1043 965 quas,
1064 883 1105 942 ut
1118 867 1216 942 Deus

220 979 393 1070 gubernet
422 989 458 1046 et
482 974 645 1056 adiuvet,
676 985 750 1044 toto
781 996 863 1043 eum
894 986 1036 1064 pectore
1064 994 1217 1048 oramus.

219 1079 312 1151 Cum
335 1090 453 1148 nutem
476 1071 545 1146 boc
568 1089 728 1164 tempore
751 1074 1010 1146 decreverimus
1033 1073 1218 1146 instituere

221 1180 382 1252 examina
419 1201 564 1262 eorum,
598 1175 661 1269 qui
694 1189 817 1268 petent
848 1177 996 1266 gradum
1020 1173 1219 1268 Magisterii

220 1275 482 1375 philosophici,
507 1277 590 1348 duci
612 1278 650 1346 id
673 1277 816 1372 publice
842 1277 1111 1368 significandum
1135 1299 1220 1361 esse,

220 1397 263 1456 ut
276 1384 370 1452 intra
385 1381 459 1450 dies
474 1393 555 1451 octo
571 1379 719 1450 nomina
737 1381 844 1449 edant
859 1381 951 1472 apud
968 1379 1151 1452 Decanum
1168 1374 1220 1460 bi,

221 1485 285 1579 qui
304 1483 455 1574 padum
472 1493 603 1575 petent.
653 1481 763 1554 Anno
785 1477 896 1556 1548.
1208 1503 1212 1512 ·

227 1827 431 1956 QG.
1053 1845 1109 1909 19.
1123 1837 1208 1920 Aug.

1041 1927 1215 1960 W

400 2011 623 2126 Cruciger
643 2011 713 2098 ¹ad
734 2011 1045 2106 scholasticos.

292 2191 401 2268 Scripta
421 2193 497 2266 publ.
518 2191 604 2248 Aead.
622 2190 680 2250 W.
698 2193 783 2248 Tora.
795 2190 818 2248 1.
838 2211 866 2266 p.
879 2193 966 2254 stab.
1085 2185 1089 2194 ’

223 2341 361 2421 Hector
388 2343 610 2421 Academiae
643 2343 1078 2524 WtcbbCasparus
1107 2341 1224 2428 Cru-

613 2475 756 2547 csger,
824 2503 835 2524 .

224 2575 281 2660 Et
297 2583 574 2656 llarmoniarum
595 2609 737 2658 sensum
760 2603 795 2661 et
814 2603 957 2662 cantum
980 2603 1015 2664 ct
1036 2605 1146 2664 artem
1164 2615 1224 2662 ca-

225 2688 337 2758 nendi
359 2683 455 2758 haud
477 2687 587 2756 dubie
610 2685 707 2758 Deus
729 2689 809 2760 ideo
833 2692 1020 2784 praecipue
1041 2694 1141 2764 dedit
1163 2715 1224 2784 ge-

225 2789 305 2860 neri
327 2784 504 2871 humano,
529 2801 570 2858 ut
587 2811 649 2880 per
669 2791 860 2862 cantilenas
877 2795 1039 2864 doctrina
1060 2795 1224 2866 coelestis

226 2904 442 2984 propagetur
464 2901 501 2958 ct
518 2904 757 2966 conservetur.
805 2891 897 2966 Nam
916 2893 1031 2986 prima
1048 2910 1143 2966 aetas
1159 2899 1224 2966 de-

226 2991 376 3064 lectatur
391 3004 514 3076 cantu,
536 3005 570 3062 et
588 2993 693 3062 citius
707 2993 812 3066 discit
825 2997 1007 3081 materias,
1032 3021 1121 3092 quac
1137 3019 1223 3068 can-

226 3093 348 3164 tilenis
373 3087 743 3183 comprehenduntur,
770 3117 810 3166 ac
831 3099 1002 3168 memoria
1026 3101 1223 3170 contilena-

227 3217 309 3266 rum
335 3193 542 3264 diuturnior
562 3208 625 3268 est.
683 3193 823 3267 Deinde
845 3211 880 3268 et
903 3221 1029 3270 arcana
1048 3203 1222 3294 quaedam

226 3296 282 3366 vis
297 3295 402 3366 estin
418 3295 553 3366 ciendis
574 3295 775 3384 affectibus,
798 3299 936 3394 fuitque
957 3303 1107 3374 omnino
1123 3317 1222 3374 vetus
1298 3331 1303 3342 ·

226 3397 397 3491 sapientia
411 3397 456 3467 de
470 3394 546 3468 Deo
563 3411 598 3469 et
615 3401 659 3469 de
675 3412 804 3472 natura
820 3425 939 3472 rerum
956 3417 989 3474 et
1004 3406 1048 3474 de
1062 3406 1222 3475 moribus

227 3495 481 3590 comprehensa
505 3501 736 3574 carminibus.
795 3501 881 3574 ldeo
903 3519 1120 3596 praestantes
1141 3505 1223 3591 viri,

228 3599 293 3694 qui
306 3597 467 3692 Respub.
477 3603 755 3688 constituerunt,
779 3607 907 3676 musici
921 3607 1029 3678 inisse
1042 3608 1223 3692 dicontur,

227 3715 269 3770 ut
290 3695 459 3791 Orpheus
486 3702 579 3774 ieras
600 3705 730 3775 dicitur
752 3706 889 3778 flexisse
913 3707 1007 3803 lyra,
1038 3703 1223 3800 Amphion

229 3824 311 3872 sara
327 3804 371 3870 ad
391 3825 513 3872 muros
527 3798 718 3874 Thebanos
738 3803 893 3876 citharae
917 3831 1005 3878 sono
1031 3811 1221 3884 attraxisse.

227 3899 375 3974 Necesse
409 3917 461 3974 est
495 3917 611 3974 autem
649 3919 760 3974 artem
783 3905 983 3978 conservari
1012 3912 1222 3982 liberalitate

228 4001 447 4094 Principum.
500 3999 584 4074 ldeo
607 4021 641 4078 et
663 4007 918 4080 illustrissimus
945 4011 1027 4080 Dux
1049 4011 1223 4091 Saxoniae

227 4099 373 4176 Elector
386 4117 522 4174 coetum
539 4101 873 4206 symphoniacorum
891 4113 1010 4202 colligi
1028 4113 1142 4188 iussit.
1174 4109 1222 4184 Et

229 4207 416 4299 praecipue
433 4205 679 4280 desiderantur
699 4211 828 4301 egressi
844 4213 1133 4300 adolescentiam,
1160 4215 1222 4310 qui

229 4331 358 4378 canora
382 4321 416 4378 et
437 4307 577 4379 tinnula
601 4333 684 4380 voce
706 4313 894 4382 melodiam
917 4339 1040 4384 canere
1065 4331 1223 4408 possunt,

108 4445 114 4460 ·
228 4409 440 4506 quaesitior
461 4409 683 4495 nominatum
710 4413 840 4484 deinde
861 4415 924 4508 qui
939 4419 1094 4488 mediam
1110 4431 1143 4490 et
1159 4418 1224 4514 qui

228 4511 335 4580 imam
350 4524 442 4582 recte
454 4533 579 4580 canere
596 4513 741 4603 possint.
793 4513 835 4586 ln
851 4511 907 4588 his
923 4519 1049 4609 igitur,
1081 4521 1144 4614 qui
1158 4543 1223 4588 na-

228 4625 306 4682 tura
332 4611 470 4697 valent,
496 4623 531 4684 et
551 4613 677 4684 volunt
695 4613 734 4684 in
754 4631 855 4688 coetu
879 4619 944 4690 isto
969 4617 1222 4716 symphoniaco

228 4707 404 4784 Ecclesiae
427 4713 579 4798 servire,
613 4711 769 4804 Torgam
796 4719 1081 4812 proficiscantur,
1112 4747 1153 4792 sc
1180 4747 1221 4796 eo

229 4813 376 4886 veniant
392 4815 521 4886 vel'die
536 4811 571 4888 5.
589 4813 808 4892 Bartolomei
823 4819 998 4914 Apostoli,
1021 4825 1078 4894 vel
1093 4823 1222 4894 deinde

229 4913 399 5006 proximis
428 4915 570 5000 diebus,
609 4931 642 4990 et
667 4942 768 4990 suam
802 4921 1020 4996 voluntatem
1044 4939 1222 5017 exponant

229 5015 307 5086 viro
334 5015 558 5104 integerrimo
579 5013 753 5090 Iohanni
779 5017 959 5096 Woltero
979 5028 1133 5112 musico,
1164 5029 1221 5098 cui

228 5119 393 5188 mandata
418 5111 484 5186 bac
508 5119 550 5188 de
577 5146 614 5192 re
631 5123 676 5192 ab
697 5123 935 5196 illustrissimo
959 5123 1124 5220 Principe
1139 5131 1220 5200 data

815 279 1253 368 EPISTOLARUM
1300 283 1408 366 mn.
1430 282 1497 370 XI.
1550 281 1684 370 1548.

2187 277 2259 356 too

2065 459 2129 540 (aa
2144 457 2240 538 aas.)

2044 549 2258 588 Q

1269 456 1341 536 No.
1356 458 1470 538 4827.
1533 459 1537 472 '

1275 555 1488 597 Μ

1567 635 1719 728 Ioocls.
1751 637 1964 730 Moilcro.

1333 813 1422 890 epra.
1434 812 1484 874 ιιι.
1495 813 1532 872 ιι.
1550 813 1647 886 ...ιιι
1665 813 1743 885 <aaa
1754 811 1843 870 eona.
1855 811 1904 868 ιιι.
1918 811 1954 870 ιι
1974 829 2019 885 φ.
2031 809 2112 901 sesa.

1483 967 1539 1046 D.
1564 965 1813 1046 Iooclsimo
1837 965 2048 1046 Moliero

1268 1111 1317 1199 S.
1344 1121 1390 1199 D.
1439 1121 1645 1194 Clarissime
1660 1123 1765 1194 viret
1780 1121 1890 1193 amice
1906 1115 2130 1203 charisrime,
2156 1115 2270 1190 Venit

1268 1225 1338 1300 huc
1362 1227 1481 1296 subito
1510 1223 1695 1296 Ascanius
1721 1225 1980 1295 deliberaturus
2008 1222 2195 1292 nobiscum
2222 1224 2271 1290 dc

1269 1324 1428 1422 Sphinge
1445 1325 1664 1420 Augustana.
1716 1325 1802 1396 ldeo
1816 1349 1890 1396 non
1906 1321 2007 1418 potui
2023 1323 2157 1416 prolixe
2178 1324 2273 1392 scri-

1270 1433 1365 1506 bere.
1416 1429 1503 1502 Tibi
1520 1455 1584 1521 pro
1600 1443 1769 1522 perpetua
1786 1429 1854 1497 lide
1870 1442 1903 1498 et
1924 1425 2169 1496 benevolentia
2186 1445 2272 1514 gra-

1270 1533 1337 1606 tias
1365 1557 1445 1624 ago.
1502 1529 1554 1604 Et
1577 1532 1647 1602 nisi
1672 1555 1730 1600 me
1755 1550 1855 1601 cassas
1887 1529 2016 1622 aliquis
2040 1528 2271 1620 oppresserit,

1271 1659 1372 1728 spero
1389 1657 1446 1705 me
1464 1635 1508 1704 ad
1529 1657 1593 1704 vos
1607 1645 1799 1704 venturum
1820 1653 1906 1704 esse.
1956 1625 2086 1700 Adbuc
2109 1625 2271 1698 Ecclesia

1272 1752 1307 1809 et
1342 1733 1534 1811 Academia
1565 1749 1696 1806 sonant
1728 1735 1881 1804 eandem.
1910 1755 2030 1802 vocem
2060 1727 2272 1820 Evangelii,

1273 1863 1379 1933 quam
1394 1839 1572 1912 audivisti.
1617 1836 1694 1908 Sed
1711 1831 1800 1906 mihi
1817 1834 1955 1904 vicinus
1970 1827 2006 1925 l)
2025 1833 2127 1903 valde
2143 1833 2270 1904 irasci-

1273 1955 1350 2026 tur,
1372 1941 1434 2034 qui
1452 1941 1597 2034 quidem
1612 1963 1658 2008 nc
1673 1963 1818 2008 suorum
1835 1937 2034 2006 voluntates
2053 1933 2166 2022 magis
2182 1936 2271 2004 alie-

1274 2056 1352 2128 net,
1371 2065 1533 2112 reversus
1555 2041 1657 2110 iussit
1677 2039 1798 2110 doceri
1819 2052 1859 2108 ut
1884 2033 2065 2110 hactenus.
2118 2034 2160 2104 ln
2183 2059 2269 2127 agro

1273 2140 1439 2214 Siesiaco
1455 2167 1528 2212 non
1547 2143 1671 2235 procul
1689 2165 1709 2212 a
1725 2133 1893 2210 Gorlicio
1908 2139 2051 2227 sanguis
2068 2138 2210 2230 copiose
2226 2163 2270 2208 er

1272 2247 1377 2340 spicis
1389 2245 1559 2338 profluxit
1572 2267 1653 2314 curn
1670 2244 1929 2314 demeterentur
1943 2233 2014 2332 ”).
2054 2237 2137 2310 Civi
2152 2253 2269 2312 vestro

1271 2343 1453 2420 machinas
1467 2361 1552 2441 puto
1568 2357 1780 2416 monstratas
1795 2365 1880 2418 esse.
1929 2339 2027 2412 Bene
2044 2343 2133 2412 vale.

1273 2543 2262 2580 ww

1272 2673 1470 2804 Q&
2099 2671 2251 2756 roan.

2090 2765 2260 2800 W

1421 2859 1674 2962 Mauritius
1701 2856 1766 2945 od
1795 2833 1978 2971 legatos
2004 2821 2116 2945 eccos.

1340 3039 1380 3098 Es
1398 3040 1474 3098 Actis
1492 3037 1631 3109 synodicis
1654 3028 1818 3110 g‘ermsnicis
1837 3057 1863 3111 p.
1880 3033 1962 3092 19³1».
2004 3035 2114 3106 (Verrio
2132 3035 2216 3092 latina
2235 3039 2269 3092 isa

1376 3113 1453 3166 Actis
1471 3105 1569 3181 synod.
1592 3103 1636 3162 lat.
1660 3125 1688 3178 p.
1704 3107 1785 3174 titt).
1808 3133 1844 3174 Ἶ-
1883 3105 2006 3160 Dimisso
2031 3117 2173 3164 conventu
2194 3107 2271 3162 Mis·

1376 3180 1470 3246 arensi,
1490 3195 1581 3232 mense
1601 3175 1685 3240 lulio,
1703 3173 1867 3244 Mauritius,
1889 3176 1951 3231 Dur
1965 3175 2063 3232 Ssaon.
2079 3175 2198 3240 Elector,
2217 3195 2268 3232 u..

1374 3261 1483 3318 tequam
1502 3245 1612 3299 ordines
1630 3241 1693 3299 icae
1711 3243 1821 3300 ditionis
1839 3261 1934 3298 omnes
1946 3241 2125 3327 Reperiam,
2146 3263 2203 3316 quo
2220 3263 2270 3298 eos

1376 3323 1588 3380 convocaverat,
1609 3313 1745 3382 venirent,
1762 3311 1828 3368 stile
1846 3331 1905 3366 esse
1941 3321 2046 3386 tstavst,
2063 3325 2094 3370 ut
2112 3327 2176 3372 cum
2199 3313 2270 3382 Ept-

1374 3329 2270 3532 :catenaattrectantbellitranensis

2002 3489 2009 3506 ·
2260 3489 2271 3518 s

1375 3530 1453 3648 tta*
1472 3521 1941 3660 tta.5¹5¹·f.·.{l:.tt¹:.ltttt3
1958 3529 2271 3662 ‘litttt‘tlt‘t'zt

1377 3659 1417 3712 dit
1441 3657 1563 3729 (scorpio
1588 3657 1753 3729 Anbaltino‚
1789 3657 1876 3726 Philip
1898 3671 1924 3710 o'
1939 3659 2110 3732 Melanthoni
2135 3669 2162 3710 et
2187 3657 2271 3732 Casp.

1375 3728 1543 3798 crucigero,
1569 3740 1599 3782 ut
1622 3726 1752 3798 Pegasiae
1776 3741 1839 3784 cuns
1887 3727 2005 3797 piscopis
2029 3727 2208 3782 convenirent
2234 3747 2272 3782 sc

1375 3795 1557 3866 dispicerent,
1593 3815 1661 3870 quse
1685 3797 1714 3851 in
1740 3796 1811 3850 libro
1838 3798 1995 3865 Augustsno
2021 3797 2062 3852 sel
2087 3797 2199 3852 terenda
2223 3795 2271 3850 rel

1375 3867 1504 3920 nrutsads
1524 3877 1623 3920 essent.
1661 3867 1752 3937 Quum
1765 3863 1927 3934 crucigerns
1940 3865 2102 3921 valetudinis
2120 3865 2271 3920 mussites

1374 3931 1467 4000 lacera
1489 3945 1547 3988 uon
1573 3944 1678 4004 posset.
1709 3931 1870 3988 Melaatbon
1895 3931 2010 3988 Psulnrn
2030 3933 2147 3990 liberum
2172 3951 2272 3988 seeum

1375 4001 1467 4066 desit,
1495 4014 1523 4058 ut
1542 4001 1681 4075 Georgius
1702 4004 1863 4061 Anbattinus
1886 4003 2015 4059 loannem
2041 4003 2207 4065 forsterum.
2233 4031 2272 4046 -

1301 4095 1309 4102 ·
1375 4071 1469 4126 Habes
1482 4072 1526 4128 hic
1538 4074 1673 4139 mandata,
1692 4089 1763 4146 quae
1778 4069 1923 4126 Mauritius
1937 4071 2097 4132 consiliariis
2107 4073 2177 4142 suis,
2197 4089 2273 4144 quos

1376 4145 1519 4212 Pegasiano
1535 4143 1571 4196 ad
1590 4153 1758 4199 conventum
1778 4141 1866 4210 misit,
1891 4139 1973 4197 dedit.

1271 4266 1487 4394 (Mandaei
1509 4291 1695 4399 Principis
1717 4294 1901 4370 Electoris
1921 4269 2166 4372 Conciliariis
2186 4299 2272 4370 suis·

1332 4395 1444 4483 dato,
1468 4399 1592 4477 missis
1616 4401 1656 4474 in
1675 4395 1899 4486 Conveniam
1915 4395 2201 4496 Pegacienscm.)

1647 4549 1888 4617 instructio.

1272 4659 1371 4760 sson
1384 4669 1505 4748 omes
1523 4669 1680 4758 droun,
1705 4668 1765 4744 rsit
1791 4669 1938 4762 lllocip
1962 4667 2087 4765 spnpop
2109 4689 2145 4762 pv
2161 4669 2271 4760 &adp

1271 4779 1339 4868 sco,
1371 4781 1424 4850 tce
1453 4775 1583 4870 bottiger
1606 4771 1791 4862 dttmttdpco
1821 4771 1939 4864 aetas
1966 4769 2273 4862 (sermocinaturo

1272 4877 1459 4970 thccftrst.
1485 4875 1650 4968 tontprof
1674 4877 1705 4947 in
1728 4874 1916 4966 viringen.
1941 4877 2004 4946 unt
2025 4871 2208 4964 ltortpcof
2228 4895 2271 4966 pa

1271 4979 1419 5072 attissa,
1454 4979 1556 5070 babeo
1585 4978 1697 5066 unfcrn
1720 4975 2028 5065 Dberbiaptmonn.
2062 4973 2172 5062 eterne
2199 4983 2271 5048 uno

1270 5083 1355 5161 aaa
1371 5091 1513 5176 petreum
1529 5077 1689 5172 ftmpttict)
1710 5085 1774 5153 rao
1790 5075 1951 5170 footecttct)
1968 5076 2180 5172 obgctcctipct,
2207 5083 2271 5152 oen

229 5231 323 5292 sunt.
375 5217 511 5288 Litcras
535 5221 656 5306 etiarn,
687 5224 718 5292 si
742 5227 878 5312 valent,
906 5223 963 5298 bic
984 5253 1003 5298 a
1026 5235 1219 5302 reverendo
1271 5270 1496 5289 --··--—-

228 5319 305 5389 siro
320 5320 465 5390 domino
478 5311 637 5414 Georgio
647 5319 814 5412 Maiore,
833 5325 1220 5424 DoctoreTlscologiac,

226 5423 271 5490 ad
285 5419 490 5494 Walterusn
507 5423 690 5516 accipiant.
735 5427 794 5502 19.
809 5423 971 5543 bugasti,
994 5455 1089 5503 anno
1111 5431 1218 5508 1648.

1302 5373 1331 5438 *l
1351 5369 1478 5428 biarchis
1496 5367 1596 5426 llrsnd.
1644 5407 1647 5418 ·

1304 5461 1351 5530 se)
1371 5457 1434 5516 tio.
1451 5457 1531 5530 cpias.
1549 5457 1575 5514 d.
1592 5455 1636 5514 30.
1653 5457 1726 5526 nug.
1744 5454 1772 5510 h.
1789 5469 1815 5512 s.
