4592 6218
225 337 298 414 731
394 369 396 376 ,
786 320 1504 407 tetstonnnttttmn.x1t
1556 323 1689 406 1551.
2147 341 2196 418 ἰιι
2264 317 2265 320 Ὺ

333 507 527 602 Postquam
537 501 648 596 igitur
660 497 754 576 nihil
767 515 885 598 posset
898 525 977 572 eum
994 499 1045 570 eis
1059 523 1100 570 ea
1113 521 1226 593 aequo
1273 495 1433 570 Plurima
1456 499 1552 570 enim
1575 513 1711 571 restant
1732 493 1794 571 bie
1815 499 2033 594 corrigenda.
2079 499 2143 578 Res
2158 513 2201 580 sl-

230 613 403 704 transigi,
440 622 475 680 et
508 621 675 696 urgerent
707 605 862 698 graviter
884 603 1074 674 obsidione
1098 603 1224 671 urbern
1276 601 1459 672 mirandae
1474 601 1614 694 pietatis
1628 614 1697 686 est,
1723 617 1757 671 et
1772 603 1908 692 ingenii
1922 605 2112 694 felicissimi,
2130 611 2201 682 ιιιιιιὶί

232 715 448 814 praeclaram
481 709 578 780 iuxta
610 733 713 780 suum
748 705 972 786 comitatam,
1019 699 1226 788 Exonibm,
1276 703 1457 790 indelessi;
1497 715 1638 788 tamen,
1668 727 1750 774 etun
1774 705 1951 777 decimum
1976 722 2118 802 quartum
2131 715 2203 792 muln

233 843 303 917 qua
318 825 486 906 occupata
499 809 696 902 periculum
710 819 801 892 erat,
826 819 868 877 ut
880 808 925 876 ad
940 829 976 875 se
992 818 1027 876 et
1042 806 1226 876 Sommer·
1276 819 1354 895 aget
1367 817 1521 888 annum,
1548 805 1648 894 regni
1663 805 1899 894 gubernacula
1915 810 2203 882 administraremus

234 937 386 995 setenses
416 927 450 984 et
474 910 677 984 Cornubios
708 921 974 1004 permoverent,
1014 907 1141 978 missus
1175 917 1226 976 est
1275 909 1361 976 dum
1382 929 1446 999 per
1467 928 1503 975 se
1519 907 1660 998 potest:
1697 903 1845 977 Sorores
1864 903 1970 980 babet
1985 913 2082 995 duas,
2101 939 2205 1008 quanm

232 1033 356 1098 contra
376 1037 436 1086 eos
454 1011 581 1085 Comes
604 1007 897 1112 Belsordiensis,
930 1009 986 1078 vir
1008 1031 1133 1092 senex,
1165 1009 1224 1076 sed
1275 1008 1388 1077 maior
1408 1019 1512 1088 natu,
1537 1031 1619 1076 cum
1642 1008 1790 1078 summis
1812 1007 1946 1106 alioqui
1971 1013 2140 1084 virtutibus
2157 1016 2205 1106 pol-

226 1125 336 1208 ¹valde
354 1131 519 1190 strennus
542 1127 646 1206 atque
669 1115 744 1204 regi
768 1113 877 1197 fidus,
904 1134 983 1181 enm
998 1111 1089 1180 insta
1106 1133 1226 1182 manu.
1276 1109 1361 1192 leat,
1385 1123 1503 1181 tamen
1528 1109 1572 1178 de
1588 1109 1769 1198 evangelio
1788 1104 1955 1183 hactenus
1972 1115 2149 1206 persuaderi
2162 1139 2207 1184 non

230 1224 368 1300 Eodem
389 1235 545 1308 ternpore
568 1215 695 1308 passim
719 1239 782 1306 per
802 1237 950 1304 regnum
969 1211 1227 1282 concurrebant
1277 1211 1401 1300 potuit.
1459 1205 1518 1281 Ad
1545 1204 1636 1280 banc
1664 1229 1747 1300 ergo
1778 1211 1924 1304 plurimi
1952 1216 2136 1306 respiciunt.
2175 1213 2208 1286 lx
2261 1232 2263 1243 ²

232 1324 422 1419 agricolae,
455 1319 518 1388 sed
541 1339 616 1386 non
635 1315 818 1407 religionis
838 1337 958 1400 causa3
987 1313 1227 1407 querebantur
1276 1323 1484 1382 testamento
1516 1309 1612 1379 enirn
1641 1313 1772 1404 petris,
1799 1313 1832 1382 si
1863 1316 1952 1409 quid
1982 1317 2054 1387 lilio
2079 1319 2211 1400 arrideret,
2259 1291 2265 1353 Δ

230 1429 286 1500 illi
300 1427 347 1497 de
362 1423 488 1516 iniqua
502 1418 732 1510 oppressione
747 1417 942 1500 nobilium,
967 1416 1029 1509 qni
1046 1417 1089 1484 de
1105 1413 1226 1506 publi·
1276 1415 1435 1503 proxima
1456 1411 1559 1501 regni
1576 1405 1698 1483 haeres
1716 1415 1780 1485 est·
1828 1409 2211 1490 Adhaeceonsobrinsest
2257 1402 2262 1493 l

232 1532 282 1602 cis
301 1526 395 1618 egris
410 1522 454 1592 ad
471 1521 654 1590 roboratio
671 1542 732 1589 sna
748 1541 813 1611 pro
835 1518 971 1600 domis,
997 1529 1103 1610 atque
1120 1516 1225 1584 etiam
1275 1509 1537 1608 Imperatoris,
1570 1513 1711 1608 agitque
1745 1539 1841 1586 nunc
1866 1541 1999 1589 anuum
2028 1519 2082 1591 84.
2129 1515 2212 1590 Altera
2259 1503 2265 1646 1

232 1637 277 1704 ad
302 1648 430 1721 pasena
454 1645 518 1714 pro
535 1622 662 1690 ovibus
676 1621 869 1712 pbrrimum
885 1617 954 1688 sibi
971 1619 1226 1686 vendicassent.
1275 1639 1378 1686 soror
1398 1629 1450 1688 est
1465 1615 1557 1686 sient
1574 1637 1655 1702 rex,
1682 1629 1716 1687 et
1729 1617 1913 1690 literarum
1929 1635 1965 1692 et
1976 1621 2106 1716 pietatis
2118 1619 2212 1692 studia

232 1730 288 1804 Ειι
317 1725 495 1799 hennuc
526 1723 679 1814 populus
700 1717 938 1794 Nervirensr's
965 1721 1083 1788 verbis
1110 1716 1225 1788 sedari
1274 1717 1422 1788 sissima.
2257 1679 2265 1849 '¹

233 1855 307 1904 non
331 1827 457 1923 potnit.
514 1821 607 1894 Cum
632 1824 740 1914 igitur
760 1837 795 1896 et
818 1847 897 1894 curn
917 1817 974 1890 his
994 1821 1224 1912 pugnandum
1376 1815 1453 1910 Ego
1474 1819 1513 1888 in
1535 1813 1656 1890 ecbola
1670 1817 1955 1912 Cantabrigiensi
1973 1827 2123 1918 praelego
2136 1826 2214 1897 litent
2257 1852 2265 1916 ι

233 2035 288 2108 illi
310 2055 408 2104 stram
430 2027 625 2119 potentiam
647 2039 825 2116 augerent.
876 2023 970 2095 Sunt
990 2024 1084 2093 enim
1105 2022 1224 2091 omnia
1274 2021 1426 2092 nimium
1448 2023 1600 2116 supersit
1624 2017 1737 2094 ethic
1759 2023 2018 2098 obstinatorum
2040 2031 2217 2122 papislanm.

232 2136 292 2208 hic
308 2121 974 2228 papisticissacriliculisethominibus
991 2126 1069 2194 aliis
1086 2125 1223 2194 referta.
1275 2123 1333 2193 Τιι
1348 2124 1512 2214 precibus
1535 2135 1675 2194 nostros
1697 2123 1825 2194 adiuva
1851 2127 2001 2202 labores.
2069 2129 2120 2202 Ad
2137 2131 2217 2198 decem

231 2237 371 2312 Desnrn
391 2231 487 2302 enirn
507 2231 685 2315 doctores;
713 2229 846 2322 alioqui
861 2228 1014 2320 populus
1027 2226 1111 2297 satis
1127 2225 1226 2295 doci·
1276 2249 1384 2318 prope
1406 2249 1560 2309 menses,
1599 2225 1631 2302 l.
1655 2225 1701 2296 ab
1720 2221 1881 2316 Augusto
1902 2254 1987 2306 anu.
2012 2229 2072 2307 49.
2092 2229 2219 2323 usquein

232 2343 288 2413 lis.
329 2333 438 2406 'Nam
468 2353 680 2425 qnotumue
711 2329 861 2410 veniunt
891 2331 1011 2398 idonei
1038 2325 1226 2415 Evangelii
1276 2323 1413 2395 Maium
1433 2327 1520 2396 enni
1543 2325 1623 2412 50„
1655 2327 1873 2418 gravissimis
1891 2333 2029 2402 morbis
2048 2334 2219 2404 conflictatus

213 2435 368 2525 ,Christi
389 2434 663 2525 praedicatores,
688 2432 804 2525 plebei
825 2455 963 2500 summa
978 2430 1088 2498 caninii
1104 2453 1226 2520 prom-
1275 2451 1372 2512 sum,
1395 2429 1574 2522 mortique
1589 2429 1771 2520 proximus
1784 2430 1855 2516 lui,
1879 2433 2001 2528 sieque
2019 2429 2221 2506 catharticae

232 2537 412 2636 ptitudine
442 2533 664 2622 evangelium
693 2533 880 2624 recipiunt.
943 2529 991 2603 Ει
1020 2545 1103 2602 suut
1133 2543 1224 2600 certe
1275 2527 1342 2598 siis
1369 2531 1510 2600 adflicta
1538 2531 1695 2600 membra
1724 2531 1892 2619 fuerunt,
1926 2548 1966 2605 ιιι
1995 2561 2117 2606 manus
2137 2535 2220 2603 ambre

232 2645 370 2737 aliquot
392 2659 529 2707 summa
550 2634 680 2726 pietate
704 2647 736 2704 et
758 2635 918 2705 doctrina
935 2631 1086 2725 praediti
1102 2631 1142 2700 in
1157 2625 1225 2701 hoe
1275 2631 1435 2702 nondum
1449 2631 1522 2702 siut
1537 2631 1641 2724 plane
1657 2633 1848 2708 restitutae.
1898 2631 2117 2708 Commenda
2130 2643 2223 2724 ergoet

231 2767 340 2834 regno
356 2739 640 2814 concionatores,
663 2735 722 2804 sed
739 2758 907 2805 numerus
924 2749 972 2804 est
990 2735 1093 2823 longe
1108 2733 1226 2828 impar
1275 2743 1314 2802 ιιι
1342 2754 1461 2802 meum
1484 2730 1642 2802 Domino
1668 2733 1923 2822 ministerium,
1956 2751 2017 2824 ut,
2051 2741 2130 2810 dum
2146 2740 2222 2816 luen,

233 2844 333 2934 regni
355 2837 595 2932 amplitudini.
647 2835 735 2906 lnde
756 2837 917 2906 invenias
942 2835 1137 2928 frequentia
1161 2859 1225 2926 op·
1275 2833 1726 2909 laudeteumanimamea.
1776 2831 1875 2908 Haec
1886 2839 1931 2907 de
1948 2835 2088 2932 englis.

232 2947 335 3039 pide,
358 2939 504 3035 quaein
521 2937 662 3010 duobus
680 2949 740 3008 sut
755 2938 872 3008 tribus
886 2938 989 3008 annis
1004 2937 1097 3007 ultra
1116 2961 1223 3006 unam
1374 2932 1428 3004 De
1452 2936 1552 3004 vobis
1575 2959 1710 3006 summa
1733 2935 1855 3007 laboro
1874 2941 2060 3014 anxietate.
2108 2935 2223 3010 Perscr'r

233 3046 440 3119 eoneionern
452 3063 529 3112 non
545 3039 746 3110 andierunt.
767 3121 772 3130 ⁵
1276 3047 1376 3128 ptum
1389 3037 1482 3106 enirn
1499 3051 1549 3107 est
1564 3040 1609 3106 ad
1629 3061 1714 3122 nos,
1747 3051 1898 3110 extrema
1914 3045 2034 3134 parari
2052 3041 2225 3134 Magdebur·

335 3141 409 3216 Ubi
440 3141 550 3231 igitur
580 3139 663 3210 satis
687 3140 867 3232 apparuit,
900 3133 994 3208 nibil
1018 3162 1120 3232 posse
1144 3163 1224 3210 eum
1275 3160 1388 3227 gens,
1422 3151 1458 3208 et
1487 3162 1604 3230 passos
1626 3161 1768 3228 gravem
1793 3143 1934 3211 caedem
1960 3169 2027 3235 per
2047 3145 2157 3236 copias
2174 3137 2224 3210 tls

233 3240 529 3321 veronensibus
551 3241 621 3312 nisi
641 3241 749 3311 arnus
768 3241 928 3325 decerni,
952 3265 1049 3332 arma
1065 3241 1223 3332 expedita
1275 3235 1544 3330 ebelnburgens.
1576 3239 1780 3324 cuiusdam,
1820 3267 1859 3314 ac
1890 3244 1998 3314 etiarn
2029 3245 2225 3320 obsidionem

232 3359 334 3436 sunt,
357 3361 392 3419 et
406 3345 556 3416 feliciter
567 3343 757 3436 aliquoties
772 3367 852 3412 curn
867 3343 939 3412 illis
953 3356 1147 3432 pugnatum
1162 3356 1224 3417 est.
1277 3353 1394 3431 postea
1419 3341 1613 3432 professum
1635 3363 1671 3411 se
1691 3363 1896 3431 supremum
1914 3343 2160 3437 Imperatorem
2172 3339 2227 3412 buis

232 3455 382 3526 Sednec
395 3447 446 3518 sie
460 3469 591 3539 asqrm
605 3445 841 3516 admittebant
854 3443 1088 3530 conditiones,
1112 3447 1225 3514 donec
1276 3441 1368 3510 bello
1389 3444 1515 3512 dercem
1534 3437 1787 3528 Mourils'um3
1821 3457 1974 3516 attamen
2000 3451 2088 3520 dum
2108 3439 2226 3518 Mam

232 3559 325 3626 iusto
346 3549 482 3644 proelio
503 3546 742 3618 conflictatum
764 3560 834 3631 est,
858 3559 895 3616 et
910 3569 1021 3640 prope
1037 3568 1098 3616 sex
1113 3545 1223 3616 millis
1275 3539 1349 3612 tius
1365 3543 1551 3614 maximam
1567 3545 1748 3634 copiarum
1765 3559 1898 3638 partem
1915 3549 2018 3622 duxit
2035 3565 2150 3621 contra
2162 3567 2227 3616 eser·

234 3679 276 3723 ex
288 3655 340 3724 eis
353 3649 444 3722 caesi
458 3661 559 3732 sunt,
585 3671 651 3718 uec
666 3647 770 3740 pauci
786 3648 897 3737 eapti,
918 3673 961 3718 ex
976 3647 1105 3740 quibus
1120 3647 1224 3718 multi
1275 3643 1403 3730 citum,
1440 3654 1598 3714 coactum
1630 3645 1668 3718 iu
1696 3645 1868 3718 auxilium
1895 3645 2228 3744 Magdeburgensiun,

228 3759 378 3826 bierunt
400 3750 604 3833 sacrificuli3
630 3771 713 3820 uem
735 3743 862 3818 bitere
877 3749 1021 3818 ordines
1036 3751 1225 3833 duxerunt,
1273 3741 1341 3816 bos
1369 3743 1465 3815 binis
1490 3747 1738 3837 eruptionibus
1767 3749 1898 3821 multos
1927 3753 1972 3820 de
2003 3749 2161 3824 hostibus
2182 3745 2228 3819 suis

233 3875 384 3948 cumque
409 3851 454 3920 de
475 3845 619 3922 Christo
634 3843 733 3918 'nihil
757 3863 915 3940 possent,
947 3852 992 3919 de
1012 3844 1225 3921 Antichristi
1274 3847 1484 3928 trucidasse,
1518 3849 1650 3940 cepisse
1673 3863 1778 3944 atque
1800 3876 1819 3920 a
1841 3875 1878 3920 se
1898 3857 2136 3944 propulsisse,
2157 3865 2227 3942 atque

234 3974 313 4028 turn
337 3954 487 4031 vlrtnte,
521 3963 598 4022 turn
621 3950 667 4018 de
691 3961 786 4019 certo
810 3950 943 4020 anxilio
965 3947 1033 4020 Dei
1058 3953 1224 4022 adfuturo
1275 3949 1369 4019 inter
1388 3949 1478 4018 alios
1497 3949 1614 4041 ipsura
1638 3957 1781 4045 quoqtie
1802 3955 1926 4024 dumne
1944 3951 2229 4043 Maehetnbargee

233 4057 339 4151 ipsis,
363 4068 383 4124 ιι
405 4051 516 4134 divis,
540 4049 719 4136 a'missis,
743 4073 763 4120 a
786 4051 933 4144 reliquis
952 4052 1179 4137 ceremoniis,
1204 4077 1225 4124 s
1274 4075 1347 4120 sem
1372 4051 1598 4130 vulneratum
1618 4053 1783 4144 cepisse·
1815 4053 1866 4123 lta
1883 4053 1917 4124 'si
1935 4079 1993 4126 res
2011 4053 2157 4142 babent,
2176 4073 2226 4123 tw

234 4153 537 4232 consentientibus
558 4151 599 4220 iu
620 4173 729 4240 mgna
749 4151 903 4241 plurimo
926 4154 1224 4244 praedicaverant.
1274 4151 1380 4222 etiam
1401 4151 1547 4222 ordines
1568 4155 1714 4246 Imperii
1735 4155 1868 4226 auxilie
1889 4160 2121 4248 promiserint
2143 4168 2227 4228 mnus

233 4259 317 4332 Non
336 4254 437 4350 pansi
461 4273 543 4343 ergo
565 4275 607 4322 ex
629 4247 704 4338 his,
736 4253 1022 4345 pectaviensis,
1048 4258 1224 4348 pepende·
1274 4251 1617 4343 Magdeburgenses,
1651 4249 1869 4327 bmndum
1893 4257 2052 4348 ιιιςίιιιιιι
2074 4275 2143 4346 est,
2169 4271 2227 4352 qutt

234 4375 332 4435 runt.
384 4351 555 4427 Postbaec
576 4353 777 4426 missusest
797 4356 845 4426 ‘sd
867 4355 1024 4450 reliquos
1038 4351 1145 4428 buius
1159 4363 1225 4450 po'»
1274 4355 1438 4426 videatur
1459 4353 1570 4426 Seleu
1599 4357 1690 4430 mala
1718 4359 1844 4428 vestris
1872 4359 2083 4447 beqiofflbus
2109 4363 2228 4448 adeoqtt

234 4463 312 4558 puli
334 4459 439 4530 valde
459 4456 538 4549 pius
561 4455 706 4549 quidam
728 4471 764 4527 et
781 4459 906 4528 donin
923 4459 1170 4545 concionator;
1194 4459 1224 4528 is
1274 4457 1339 4526 toti
1364 4453 1580 4528 Gennanise
1606 4472 1645 4528 et
1667 4459 1831 4549 pluribus
1853 4455 1970 4530 sdllnc
1990 4464 2156 4553 gentibus
2173 4477 2228 4530 con·

234 4563 356 4658 paucis
374 4559 558 4628 mensibus
577 4569 684 4626 totun
699 4578 810 4650 prope
824 4573 962 4649 gentem
976 4561 1023 4630 sd
1039 4559 1223 4630 dominum
1272 4558 1385 4627 flesse.
1434 4555 1630 4642 nilminus,
1651 4561 1716 4652 qui
1728 4562 1976 4637 verbosentur
1990 4579 2027 4635 et
2045 4589 2140 4635 mare
2151 4567 2230 4654 petest

227 4661 431 4746 convertit,
463 4659 592 4730 utiam
608 4659 667 4726 ris
681 4659 770 4728 alter
785 4660 831 4731 sit
845 4658 1061 4742 Comitatus,
1094 4660 1132 4732 in
1152 4685 1223 4754 qno
1270 4659 1524 4752 tanquillam,
1541 4660 1707 4750 dignetur
1720 4663 1825 4732 nobis
1838 4683 1938 4732 susm
1954 4665 2044 4736 dare
2060 4679 2160 4760 etque
2174 4681 2230 4732 css·

227 4765 362 4836 ‹hasea
384 4761 509 4850 religio
533 4759 673 4830 melius.
725 4759 841 4832 Tanta
860 4775 913 4832 est
929 4763 983 4832 ris
996 4760 1096 4832 verbi
1110 4762 1223 4835 fideli-
1274 4781 1416 4832 servare
1425 4783 1560 4849 μεσπι.
1598 4759 1739 4836 Auem·
1779 4760 1852 4834 Tot
1865 4763 1969 4834 annis
1983 4789 2056 4838 nos
2070 4757 2229 4837 clementis·

110 4843 121 4876 ¹
235 4883 290 4940 ter
311 4863 513 4956 praedicati.
549 4855 707 4933 eodem
732 4868 1022 4954 prope·tempore
1040 4864 1223 4936 commissa
1275 4857 1577 4935 simnell'eruinus
1597 4865 1641 4934 sd
1657 4863 2034 4956 paenitentismsuarn
2053 4863 2230 4954 roeeritpsr

236 4981 319 5037 sunt
340 4965 475 5056 proelia
497 4985 577 5034 essm
602 4961 682 5030 aliis
701 4963 893 5046 seditiosis,
917 4964 980 5055 qui
1000 4965 1069 5054 ipsi
1083 4989 1225 5058 quoque
1273 4963 1494 5054 eraclium
1523 4969 1662 5049 ,rebe
1677 4965 2004 5059 arpenni-deligere
2030 4981 2150 5040 vantem
2174 4979 2228 5031 eun

235 5086 365 5138 manus
385 5087 459 5134 non
485 5065 683 5144 dederont,
705 5078 895 5158 antequam
908 5065 1224 5162 ndsenquilliaqs
1274 5085 1397 5134 omues
1420 5064 1660 5140 audiverimus
1682 5087 1779 5140 neme
1802 5069 2044 5158 experimen:
2076 5067 2229 5141 Geumi

234 5169 285 5240 eis
300 5167 538 5239 caederentur·
748 5206 752 5222 ·
1013 5218 1016 5226 ,
1105 5208 1133 5227 ·.
1190 5224 1194 5238 ,
1270 5165 2159 5258 aetmtmcssstenntnmsnrt,sermims.-:Uu'mm
2173 5179 2228 5256 pos-

337 5267 455 5339 Habes
483 5277 524 5334 ut
551 5266 717 5334 dominus
739 5265 920 5335 monuerit
939 5257 1105 5354 Angliam
1128 5291 1243 5363 com-¹
1269 5260 1720 5366 sen-ssepsdmbnaae
1742 5265 2104 5347 &maranensem
2121 5277 2229 5342 tuesffl

235 5369 436 5442 memoratis
460 5365 705 5439 seditionibus.
756 5361 816 5435 Τιι
830 5389 929 5450 ores,
956 5377 996 5436 ut
1009 5367 1223 5436 admonitio·
1273 5373 1503 5452 eosdem
1530 5369 2019 5466 etqrb'petieliteln'niimq
2042 5361 2225 5468 etquipu's

232 5498 313 5544 nem
336 5473 395 5542 det
417 5490 557 5562 quoque
580 5469 701 5552 istam,
725 5478 759 5534 et
782 5465 868 5535 alias
883 5465 920 5535 iu
938 5479 1095 5560 tempore
1112 5469 1223 5566 sepi.
1243 5487 1244 5490 ’
1275 5469 1353 5538 rulo
1367 5467 1476 5542 uicini
1491 5468 1573 5538 estis
1587 5483 1735 5566 propter
1749 5493 1881 5542 nomeu
1896 5495 2012 5548 nrum.
2074 5518 2077 5527 ·

228 1946 339 2016 esset,
374 1953 415 2001 eo
438 1924 551 2015 inagis
572 1925 768 1995 cavendum
789 1937 883 2008 met,
915 1947 961 1992 ne
980 1917 1226 1990 Devonienses
1275 1943 1406 2004 sacras,
1440 1943 1480 1992 ac
1502 1943 1605 2014 spero
1627 1945 1703 1992 non
1724 1921 1858 2014 absque
1881 1925 2020 2013 fructu,
2052 1949 2215 2022 quamquam
