4624 6216
213 303 285 382 sat
773 297 1210 378 Etts'tmattttat
1274 303 1376 380 ΗΒ.
1404 301 1486 382 llll.
1540 301 1671 382 1552.
2149 307 2205 383 952

220 481 381 556 haesita
404 477 523 571 punit.
586 473 780 562 Praecipue
800 497 884 543 vero
910 475 1095 544 execrandi
1131 487 1215 546 sunt
1237 469 1362 546 l'euitu
1392 473 1524 544 utilitas
1550 469 1796 546 Aritbmetices
1826 490 1862 548 et
1894 477 2040 549 rationis
2068 482 2209 556 metiendi.

220 583 388 678 Epicurei
413 580 450 650 et'
468 579 617 660 similes,
651 576 713 678 qui
737 571 903 646 horribili
924 577 1045 644 frarore
1069 599 1214 666 prorsus
1266 575 1403 646 Deinde
1419 599 1499 646 curu
1515 593 1630 666 partes
1646 580 1736 646 duae
1757 577 1828 648 siut
1844 579 2026 654 doctrinae
2046 583 2087 651 de
2106 585 2209 656 coeliti-

224 689 342 758 delere
367 681 513 770 vestigia
527 677 595 748 Dei
616 679 656 747 iu
677 690 804 746 natura
825 691 1012 751 conantur.
1064 677 1215 770 Vitupe·
1265 677 1492 748 busorbibus
1514 689 1549 746 et
1571 677 1700 762 stellis,
1726 678 1833 747 altera
1858 681 1902 750 de
1924 695 2078 754 motuum
2098 685 2211 776 legibus,

225 788 332 860 randi
351 797 386 854 et
407 784 489 866 alii,
513 781 575 873 qui
596 803 654 848 eas
677 793 770 848 artes
792 780 995 868 negligunt,
1019 778 1057 846 iu
1084 779 1215 871 quibus
1264 779 1373 848 altera
1397 779 1441 847 de
1462 777 1724 860 effectionibus,
1751 780 1897 850 evidens
1921 785 2053 854 utilitas
2068 799 2114 855 est
2127 791 2212 858 scicn-

225 891 450 960 illustrantur
461 881 666 954 testimonia
686 882 730 948 de
750 879 847 959 Deo,
873 881 1056 962 videlicet,
1081 882 1216 950 doctri·
1264 880 1333 948 tiae
1347 891 1526 961 motuum,
1551 881 1634 972 quia
1650 893 1684 950 et
1700 893 1845 971 propter
1858 880 2037 956 Ecclesiae
2059 889 2213 981 antiqnita-

227 1015 291 1060 nas
312 991 356 1058 de
378 985 554 1068 numeris,
584 985 628 1052 de
652 983 790 1070 liguris,
822 984 866 1049 de
888 1005 1077 1070 corporum
1100 983 1215 1050 coele·
1264 995 1353 1062 tem,
1379 993 1411 1048 et
1434 994 1576 1071 propter
1590 979 1786 1062 Historias,
1812 996 1848 1054 et
1870 1001 2012 1076 propter
2027 990 2213 1080 quotidianos

226 1093 334 1162 stium
353 1087 527 1164 motibus,
553 1085 597 1152 de
612 1084 748 1151 viribus
773 1105 892 1162 rerum
909 1082 1147 1167 nascentium,
1171 1085 1215 1150 de
1265 1094 1636 1176 contractusfnecesse
1674 1099 1723 1152 est
1760 1109 1861 1152 ruosse
1897 1111 2071 1160 annorum
2110 1093 2214 1167 utica.

227 1195 344 1283 legum
367 1188 535 1258 fontibus.
581 1183 669 1252 Vere
689 1182 981 1253 enimaPlatoue
997 1184 1130 1252 dictum
1146 1200 1213 1253 est:
1265 1180 1351 1250 Vult
1371 1182 1481 1264 Deras,
1506 1183 1654 1264 sciriin
1674 1180 1832 1254 Ecclesia
1855 1191 1980 1258 mundi
2004 1192 2215 1280 primordiaet

229 1291 379 1364 Gratam
394 1291 438 1358 de
456 1289 531 1358 Deo
549 1287 679 1354 famam
696 1283 733 1352 iu
750 1285 884 1354 artibus
897 1305 1051 1375 sparsam
1068 1307 1152 1352 esse.
1263 1284 1425 1352 ordinem
1441 1284 1714 1374 patefactiouum
1731 1310 1873 1354 suanam
1883 1313 1892 1374 ;
1918 1293 1997 1360 vult
2010 1293 2107 1376 sciri,
2129 1319 2216 1386 quau-

319 1389 372 1462 Ac
386 1392 428 1460 ad
447 1383 573 1458 barum
588 1387 718 1454 artium
735 1387 848 1454 studia
862 1399 897 1454 et
912 1385 1212 1454 conservationem
1264 1386 1328 1467 clo,
1353 1386 1392 1456 iu
1410 1385 1539 1475 quibus
1555 1385 1660 1469 locis,
1686 1401 1720 1456 et
1736 1389 1865 1479 quibus
1885 1393 2034 1462 testibus
2056 1395 2167 1464 tradita
2185 1397 2217 1464 sit

228 1494 377 1566 excitare
400 1487 563 1560 homiues
585 1488 736 1556 debebat
761 1487 913 1576 primum
947 1487 1110 1556 voluntas
1134 1483 1212 1564 Dei,
1264 1511 1332 1554 von
1349 1487 1488 1569 divina,
1513 1485 1577 1556 tabi
1594 1501 1627 1558 et
1641 1492 1784 1578 quando
1803 1489 1914 1574 filius,
1938 1489 2112 1564 Dominus
2127 1511 2217 1566 noster

228 1598 290 1691 qui
306 1589 391 1664 haec
414 1590 556 1680 vestigia
575 1611 638 1656 sua
660 1589 737 1656 vult
756 1587 906 1678 adspiri,
932 1588 1061 1656 deinde
1079 1587 1216 1676 magui·
1265 1584 1361 1655 lesus
1376 1581 1539 1656 Christus
1564 1589 1794 1659 concionatus
1816 1591 1861 1659 sit
1883 1604 1917 1662 et
1933 1618 1974 1662 ex
1990 1611 2101 1666 morte
2114 1598 2218 1667 revixe-
2280 1583 2281 1600 ¹

227 1699 314 1768 tudo
330 1693 534 1764 utilitatum.
586 1687 717 1776 Quales
733 1688 828 1756 enim
843 1689 1007 1758 tenebrae
1028 1703 1128 1772 sunt,
1152 1687 1216 1756 ubi
1264 1687 1321 1759 rit.
1372 1685 1420 1756 Et
1442 1711 1620 1758 annorum
1645 1690 1927 1762 observationem
1954 1697 2134 1788 praecipit,
2159 1723 2216 1768 eum

228 1795 314 1868 haec
337 1793 506 1887 sapientia
523 1790 724 1880 negligitur.
775 1789 844 1858 Sed
861 1813 1076 1882 quamquam
1095 1789 1214 1877 magni
1264 1787 1329 1856 ait:
1362 1785 1481 1858 Erunt
1505 1790 1662 1878 insigna
1686 1815 1838 1878 menses,
1872 1794 1947 1864 dies
1971 1812 2007 1869 et
2028 1801 2120 1868 anni.
2167 1798 2219 1870 Nee

229 1912 313 1970 sunt
344 1896 538 1965 multorum
567 1887 755 1960 bominum
779 1891 934 1974 furores,
967 1905 1085 1960 tamen
1115 1887 1214 1959 Deus
1264 1889 1358 1958 enim
1374 1889 1450 1960 siue
1468 1891 1569 1961 metis
1584 1905 1617 1962 et
1632 1892 1859 1964 distinctione
1873 1919 2052 1968 annorum
2068 1899 2218 1970 intervalla

227 2003 398 2070 immensa
413 1996 572 2064 bonitate
591 1993 792 2086 aliquorum
811 1991 991 2062 saniorum
1012 1991 1149 2061 animos
1169 1993 1213 2060 ad
1263 1991 1343 2060 sciri
1360 2004 1514 2081 possent.
1564 1988 1610 2062 Et
1624 1994 1755 2064 minam
1774 2009 1843 2076 est,
1860 1997 1900 2065 iu
1914 2000 1988 2068 sola
1999 1997 2148 2072 Ecclesia
2160 2026 2219 2093 pcr-

228 2099 408 2172 doctrinas
430 2092 594 2166 bonestas
614 2093 740 2172 flectit,
767 2115 812 2162 ne
828 2116 911 2162 suae
933 2093 1023 2162 lucis
1041 2091 1215 2162 scintillae
1264 2105 1404 2182 petuam
1433 2115 1610 2163 annorum
1642 2096 1768 2164 seriem
1803 2098 1886 2168 inde
1917 2125 2033 2194 usque
2064 2105 2108 2174 ab
2141 2105 2219 2174 initio

227 2206 322 2274 iuter
338 2197 500 2268 homines
514 2196 779 2282 extinguantur5
809 2207 865 2274 ut,
891 2217 971 2264 cum
986 2195 1156 2286 sapientia
1171 2195 1214 2262 de
1263 2192 1390 2260 muudi
1406 2207 1644 2264 conservatam
1664 2191 1746 2270 e'sse.
1797 2195 1941 2270 Ceterae
1957 2219 2095 2290 gentes,
2110 2207 2220 2294 ignarae

227 2303 385 2374 motibus
417 2297 625 2368 coelestibus
658 2297 730 2365 fere
757 2295 795 2364 in
819 2308 892 2366 tota
917 2291 1062 2386 Europa
1095 2296 1213 2385 ignota
1264 2295 1462 2378 vetrtstatis,
1488 2295 1858 2369 linxeruntfabulosas
1880 2303 2056 2391 origines;
2087 2303 2219 2376 utalrca·

228 2397 597 2491 esset,sapientissimi
613 2390 867 2494 regisAlsousi
881 2397 1019 2467 animus
1033 2392 1126 2464 haud
1146 2398 1213 2464 du·
1264 2396 1324 2463 des
1347 2395 1529 2480 dixerunt,
1555 2419 1591 2464 se
1612 2399 1849 2467 antelmuam
1873 2417 1974 2472 natos
1997 2430 2087 2476 esse:
2134 2401 2219 2476 lltbc·

227 2505 287 2574 bie
303 2502 475 2578 divinitus
488 2521 653 2570 accensus
671 2510 739 2580 est,
764 2513 803 2568 ut
818 2521 859 2566 ea
876 2497 1069 2587 peregrinis
1083 2498 1213 2584 linguis
1264 2497 1400 2564 aienses
1411 2497 1672 2584 gloriabantur,
1698 2523 1734 2566 se
1749 2497 1988 2593 αὐτοχθονας
2004 2530 2093 2592 esse,
2113 2521 2142 2576 et
2155 2508 2218 2576 falso

228 2603 413 2674 transferri
434 2626 509 2670 eam
534 2600 572 2667 in
595 2622 793 2667 sermonem
808 2599 994 2682 usitatum,
1020 2611 1052 2666 et
1069 2621 1213 2666 enarra·
1263 2599 1455 2688 putabant,
1481 2621 1516 2666 se
1539 2599 1757 2690 antiquiores
1779 2627 1851 2671 esse
1866 2620 1968 2693 gente
1993 2606 2132 2692 Ionica,
2154 2632 2219 2702 quae

226 2706 386 2776 tionibus
418 2727 457 2772 ac
491 2701 622 2774 tabulis
657 2699 784 2770 instrui
816 2700 988 2768 discentes
1028 2699 1211 2772 certaverit.
1262 2693 1545 2788 aliliolaphetb
1568 2714 1642 2769 orta
1669 2715 1736 2784 est,
1760 2705 1816 2771 rui
1840 2728 1968 2775 nomen
1994 2708 2156 2794 fuitlou,
2177 2709 2219 2802 qui

225 2805 303 2877 Etsi
325 2819 440 2874 autem
465 2804 527 2872 illa
551 2801 692 2869 exordia
709 2801 923 2869 renascentis
938 2801 1121 2870 doctrinae
1141 2801 1211 2869 mi·
1262 2795 1417 2867 Graecae
1439 2799 1553 2890 gentis
1574 2802 1679 2892 stirps
1702 2819 1763 2878 est.
1816 2803 1883 2874 Sed
1902 2807 2029 2880 omitto
2047 2806 2220 2880 hauceom·

226 2930 295 2976 uus
314 2905 464 2996 limpida
489 2905 652 2980 fuerunt,
679 2925 785 2994 quam
810 2899 938 2970 Graeci
962 2903 1096 2986 fontes,
1129 2902 1211 2994 quia
1260 2901 1562 2969 memorationem.
1612 2901 2001 2995 Noruutomnessaui,
2030 2935 2220 3002 prorsusne·

227 3033 268 3079 ex
284 3006 443 3077 coenosis
458 3003 582 3073 rivulis
597 3005 810 3072 ductasuut:
833 3017 951 3072 tamen
968 3005 1103 3072 aditum
1118 3003 1211 3072 mul·
1261 3001 1443 3069 cessariam
1462 3023 1535 3070 esse
1550 3003 1765 3088 doctrinam,
1798 3011 1990 3100 quaeanui
2009 3028 2219 3084 metasetor-

226 3111 272 3182 tis
294 3107 485 3197 ingeniosis
511 3118 544 3174 et
567 3103 725 3172 discendi
748 3103 886 3194 cupidis
902 3104 945 3171 ad
960 3105 1209 3195 perfectionem
1260 3101 1380 3169 dinem
1397 3103 1563 3177 ostendit.
1604 3102 1721 3193 Quam
1741 3107 1787 3174 ob
1803 3132 1958 3179 caussam
1976 3125 2012 3182 et
2030 3114 2161 3205 sapiens
2174 3139 2220 3182 au-

226 3209 333 3281 ltuius
356 3209 537 3276 doctrinae
559 3205 815 3293 patefecerunt,
846 3229 996 3295 quorum
1021 3206 1150 3295 aliqui,
1170 3218 1210 3275 ut
1259 3202 1404 3294 tiquitas
1428 3198 1518 3272 hanc
1541 3228 1660 3273 ruram
1683 3207 1822 3296 publice.
1847 3213 2061 3284 doctissimis
2090 3212 2219 3286 bomini·

224 3303 478 3390 Purborltins,
521 3298 785 3386 Blanclu'aus,
830 3297 1025 3386 Cusouus,
1069 3301 1210 3397 Regio-
1260 3305 1348 3390 bus,
1366 3303 1430 3397 'qui
1451 3309 1612 3376 custodes
1630 3321 1730 3378 erant
1750 3310 1948 3399 religionis,
1974 3315 2222 3398 commendarit,

227 3421 446 3496 montanam,
473 3399 716 3505 Cuperaicus,
751 3425 867 3498 postea
888 3408 1111 3494 ingeniorum
1135 3407 1208 3477 acie
1260 3417 1300 3474 ut
1314 3405 1399 3474 solis
1422 3406 1589 3476 circuitus
1605 3421 1637 3478 et
1654 3409 1857 3495 intervalla,
1882 3415 2107 3507 aequinoctia
2122 3433 2152 3490 et
2165 3419 2219 3486 sol-

226 3530 261 3586 et
285 3539 348 3585 sua
370 3511 530 3594 solertia,
556 3509 670 3579 adiuti
692 3508 797 3577 etiam
829 3509 1031 3596 cognitione
1052 3505 1208 3578 Graecae
1258 3505 1352 3576 stitia
1379 3506 1669 3590 observarentur,
1703 3525 1737 3584 et
1759 3513 1934 3582 mensium
1956 3519 2072 3606 spatia
2095 3521 2136 3590 ad
2155 3518 2220 3590 solis

224 3617 386 3706 linguae,
409 3625 522 3683 totum
540 3607 635 3679 bunc
651 3609 772 3680 orbem
792 3608 920 3678 artium
938 3609 1175 3682 illustrarunt.
1259 3606 1325 3676 iter
1346 3610 1737 3700 accommodarentur..
1764 3611 1867 3684 Hanc
1889 3617 1999 3688 officii
2031 3622 2088 3692 sui
2110 3635 2218 3714 partem

316 3715 437 3808 ltaque
447 3737 518 3782 non
528 3713 733 3780 simusadeo
742 3734 801 3778 seu
810 3711 928 3793 ferrei,
944 3733 1005 3778 seu
1016 3709 1206 3803 (lya-lopiri,
1260 3708 1318 3776 ille
1335 3731 1493 3778 summus
1509 3712 1598 3778 ordo
1612 3712 1700 3780 adro
1717 3711 1785 3782 iam
1801 3716 1965 3804 negligit,
1978 3733 2019 3790 ut
2037 3746 2102 3792 nec
2118 3724 2151 3790 iu
2164 3721 2220 3792 col·

222 3833 267 3890 ut·
284 3841 349 3886 uec
371 3828 480 3884 artem
506 3815 544 3882 iu
567 3812 708 3903 opificio
730 3808 815 3895 Dei,
840 3835 904 3880 nec
926 3813 1045 3880 radios
1063 3813 1206 3880 divinae
1258 3809 1356 3898 logiis
1374 3809 1445 3878 suis
1468 3812 1719 3899 possessiouem
1745 3810 1851 3885 hrains
1873 3820 2071 3908 sapientiae
2089 3826 2219 3902 retineat,

219 3917 411 4012 sapientiae
427 3915 465 3983 iu
479 3909 644 3983 humanis
660 3913 837 3984 mentibus
850 3914 1028 4003 adspicere
1043 3913 1205 3998 velimus,
1257 3934 1321 3979 uec
1344 3911 1422 3978 aliis
1441 3913 1657 3982 discentibus
1678 3939 1780 4006 opem
1803 3919 1910 3998 ferat,
1931 3945 2014 3990 ctam
2033 3936 2146 3996 tamen
2160 3925 2218 3994 stne

222 4045 288 4090 nec
305 4019 514 4108 rogitemus,
539 4015 745 4104 disciplinas
759 4037 834 4082 esse
849 4016 944 4083 dona
960 4011 1048 4095 Dei,
1073 4015 1203 4086 tradita
1256 4011 1456 4102 principum
1480 4015 1723 4086 munificentia
1746 4014 1931 4088 machinae
1952 4035 1989 4094 et
2002 4025 2143 4098 tabulae
2161 4023 2218 4094 lieri

221 4121 342 4200 uobis,
366 4132 398 4188 et
412 4132 454 4190 ut
471 4118 585 4206 ipsum
604 4126 851 4206 agnoscamus,
876 4127 908 4183 et
923 4128 962 4185 ut
976 4115 1138 4183 ordinem
1149 4117 1204 4183 vi·
1255 4137 1327 4182 nou
1346 4112 1491 4204 possint.

220 4237 276 4292 tae
305 4234 428 4310 regant
451 4243 490 4288 ac
511 4220 702 4287 tueantur:'
731 4219 790 4284 sed
824 4215 1085 4285 consideremus
1117 4211 1202 4287 haec
1357 4211 1514 4286 Alteram
1539 4231 1693 4308 partem,
1732 4244 1823 4313 quae
1843 4222 2037 4296 divinatrix
2063 4251 2122 4298 seu
2140 4249 2219 4318 μαν·

220 4337 317 4396 tanta
342 4325 457 4404 hona,
489 4332 522 4386 et
537 4315 651 4386 Deum
678 4319 809 4386 fontem
834 4318 1024 4408 sapientiae
1047 4317 1203 4386 celebre-
1253 4341 1334 4406 τικη
1351 4317 1576 4400 nominatur,
1602 4321 1706 4390 multi
1721 4325 1846 4392 acerbe
1861 4325 2085 4417 vituperant,
2110 4332 2217 4419 deque

219 4447 315 4507 mus,
340 4437 374 4493 et
389 4423 419 4489 ei
436 4421 562 4510 gratias
577 4441 737 4506 agamus,
764 4421 857 4512 quod
881 4429 915 4488 et
936 4441 1010 4488 sese
1030 4419 1201 4508 patefecit,
1252 4417 1336 4486 alibi
1363 4418 1539 4508 copiosius
1558 4421 1643 4490 diri.
1702 4421 1926 4518 Quamquam
1953 4443 2073 4508 autem
2106 4451 2218 4522 nequa-

218 4541 251 4596 et
271 4528 308 4594 in
332 4520 503 4592 humanas
526 4534 660 4588 mentes
677 4519 790 4588 lucem
808 4543 906 4588 satam
925 4521 1070 4611 sparsit,
1096 4533 1130 4591 et
1146 4521 1201 4588 vi·
1251 4543 1356 4608 quam
1374 4521 1534 4590 omnium
1551 4535 1738 4593 eventuum
1756 4520 1993 4600 humanorum
2003 4555 2142 4602 caussae
2154 4541 2217 4598 sunt

214 4643 285 4699 tam
303 4623 524 4724 tunq'sbonis
541 4633 653 4690 oruat.
1250 4620 1430 4688 stellarum
1450 4622 1600 4711 positus,
1621 4634 1654 4694 at
1671 4625 1848 4716 sapienter
1869 4654 2009 4700 caussae
2031 4633 2216 4702 discemen-

314 4726 389 4796 Has
410 4723 670 4794 admonitiones
694 4720 823 4788 eruditi
840 4743 943 4813 saepe
965 4733 1121 4811 repetere
1137 4723 1200 4792 de-
1250 4722 1315 4788 dae
1337 4736 1420 4790 suut
1443 4735 1476 4792 et
1499 4722 1662 4792 vitandae
1687 4729 1892 4818 praestigiae
1910 4731 2080 4802 falsamm
2096 4733 2215 4802 divina·

213 4833 315 4916 beat,
340 4827 588 4898 utmultor'um
605 4821 735 4892 iudicia
758 4822 796 4890 iu
814 4816 880 4891 hoc
897 4845 1024 4912 genere
1041 4825 1201 4892 formen-
1249 4821 1404 4890 tionum:
1437 4835 1555 4892 tamen
1579 4839 1712 4896 certum
1737 4843 1806 4914 est,
1838 4831 1967 4902 multas
1991 4833 2030 4904 iu
2054 4830 2216 4906 clementis

214 4946 291 5014 tur,
316 4945 348 4997 et
366 4928 474 5019 aliqui
489 4929 532 4994 ad
549 4925 755 4993 discendum
775 4923 1013 5012 impellantur.
1249 4923 1459 4992 mutationes
1474 4925 1519 4994 ab
1534 4926 1637 4994 astris
1652 4928 1757 5012 oriri,
1782 4945 1817 5000 et
1833 4932 1870 5002 iu
1886 4924 1974 5004 crasi
1994 4931 2213 5006 bumanorum

312 5028 491 5100 Hortaudi
514 5039 595 5095 scrut
617 5025 720 5095 etiam
746 5025 997 5112 gubernatores
1022 5023 1198 5114 reipubli·
1246 5047 1434 5112 corporum
1467 5039 1502 5096 et
1531 5025 1756 5115 ingeniorum
1786 5033 2081 5108 inclinationibus
2111 5037 2212 5106 lumen

210 5145 342 5216 cae,ut
361 5153 425 5198 suo
442 5129 601 5218 exentplo
618 5127 866 5206 declarent,se
880 5120 971 5194 hauc
985 5125 1193 5216 sapientiam
1243 5125 1565 5215 coelestemagnam
1586 5129 1658 5196 vim
1683 5125 1823 5202 habere.
1874 5133 2022 5206 Prodest
2049 5152 2159 5208 atatem
2176 5133 2210 5200 ad
2278 5183 2279 5188 η

209 5237 360 5326 probare
376 5247 407 5298 ot
422 5230 636 5299 liberalitate
649 5247 710 5296 sua
727 5227 1027 5322 conservationem
1052 5239 1086 5296 et
1109 5250 1193 5317 pro-
1242 5227 1478 5296 valetudinem
1511 5230 1679 5299 tuendam
1713 5257 1816 5304 nosse
1840 5260 2027 5329 corporum
2054 5239 2210 5308 crasinel

208 5335 425 5426 pagatiouem
444 5326 571 5399 harum
595 5329 746 5410 artium,
780 5329 911 5420 quibus
933 5351 1051 5396 carere
1074 5322 1192 5396 homi·
1239 5327 1399 5398 moribus
1437 5332 1580 5420 prodest
1612 5355 1753 5403 cernere
1785 5335 2052 5423 inclinationes,
2102 5349 2135 5408 et
2164 5353 2208 5404 cas
2278 5341 2279 5348 ’

205 5461 290 5506 mun
315 5437 384 5504 vita
409 5457 482 5500 uon
500 5443 638 5522 potest,
672 5429 853 5502 adiuvent.
914 5427 1103 5510 Manifesta
1136 5441 1188 5500 est
1236 5442 1310 5498 arte
1325 5451 1444 5519 regere
1460 5444 1519 5500 aut
1537 5433 1685 5518 frenare,
1700 5435 1790 5508 sicut
1804 5431 2206 5531 PegasumBelleropbou
