4614 6226
1338 15 1358 56 Ι

142 281 145 286 ’
200 303 278 386 aaa
366 335 369 352 ·
787 238 1229 378 drrsr'otaauu
1277 297 1472 382 arr.x1.
1521 233 1658 384 rita.
2091 329 2101 348 ·
2150 315 2209 392 „0

201 503 277 556 esse
289 487 447 553 statuant
466 497 487 548 a
508 471 707 550 ministerio
720 472 918 563 discedere,
943 497 1050 570 quam
1071 496 1108 544 se
1130 471 1220 544 no?
1251 473 1351 546 stitui
1365 495 1468 568 posse
1484 475 1768 550 conformitatem
1783 471 2019 552 Ecclesiamm
2039 480 2107 556 siue
2121 485 2211 559 oben·
2264 521 2266 528 ·

201 585 265 656 xia
285 583 448 655 fictorum
464 574 756 673 Adiaphororum
777 577 1002 650 restitutione
1028 577 1199 668 polluere,
1251 577 1370 648 diculo
1392 589 1429 650 et
1441 603 1522 649 cum
1540 579 1814 674 tranquillitate.'
1861 581 2059 656 iudicamus
2079 589 2160 658 enim
2178 594 2212 661 ad

203 700 240 758 et
254 686 323 758 isto
342 683 567 770 modoveras
581 677 759 776 Ecclesiae
777 681 908 752 erroris
929 701 1095 770 arguere,
1114 677 1199 747 fidei
1250 679 1412 750 alendam
1427 667 1768 752 eoncordiam‘vatde
1786 685 1950 774 prodesse
1965 688 2212 762 conformitatem

99 831 106 844 ·
202 787 403 860 doctrinam
416 807 660 878 corrumpere,
683 783 829 854 debiam
850 795 886 854 et
901 793 1097 874 suspectam
1109 779 1198 861 red·
1250 781 1385 853 rituum
1405 775 1450 852 'in
1473 778 1641 857 Ecclesia.
1691 783 1731 855 Si
1752 798 1912 876 potentes
1931 781 1990 858 hic
2007 799 2075 858 tam
2089 790 2214 882 diligen.

204 893 306 976 dere,
328 884 514 976 Evangelii
529 885 712 956 veritatem
727 885 920 975 abnegare,
946 897 982 954 et
1002 883 1095 952 iores
1113 905 1198 974 ape·
1227 939 1228 944 1
1251 897 1302 957 tes
1332 890 1466 965 esseut,
1505 908 1611 977 quam
1635 897 1738 968 suut,
1778 900 1819 958 ut
1839 889 2047 960 coniunctae
2066 887 2214 964 Ecclesiae

202 993 276 1066 rire
290 989 487 1062 Pontificiis
502 987 708 1080 imposturis
721 986 945 1061 reducendis.
979 983 1197 1054 inconfesse
1252 984 1410 1056 confictis
1426 979 1656 1077 'adiaphoris
1685 988 1936 1080 disiungantur
1962 1004 1999 1062 et
2029 993 2214 1076 scindantur,

204 1119 286 1168 cum
308 1093 354 1164 sit
377 1093 414 1162 id
437 1090 493 1181 agi
516 1102 674 1175 tautum,
696 1101 738 1160 ut
752 1086 907 1178 Papatus
932 1087 1139 1158 restituatur
1164 1098 1200 1155 et
1251 1087 1379 1157 melius
1397 1109 1498 1156 suam
1521 1111 1665 1178 operam
1683 1091 1925 1168 collocarent..
1960 1091 2107 1179 Verum,
2129 1119 2216 1188 quun

203 1219 294 1292 pura
308 1192 470 1265 d0⁶l¹i¹¹³
481 1187 670 1282 Evangelii
685 1185 861 1270 &Christi
876 1189 1002 1279 religio
1017 1188 1201 1277 extingua-
1252 1213 1326 1258 non
1342 1201 1532 1283 quaeratur
1543 1183 1782 1262 Ecclesiamm
1795 1193 1983 1264 concordia
2000 1209 2033 1265 et
2048 1197 2151 1280 salus,
2171 1200 2215 1266 scd

202 1315 263 1373 tur
284 1311 320 1370 et
339 1294 548 1388 sepeliatur,
572 1296 774 1376 censemus,
799 1292 987 1382 diligenter
1002 1291 1200 1360 cavendum
1253 1303 1395 1382 paretur
1409 1301 1547 1360 tantum
1561 1291 1638 1378 via,
1662 1293 1706 1362 ad
1723 1293 1841 1363 omnia
1861 1295 1925 1366 illa
1945 1297 2155 1386 erigenda‘et
2174 1321 2217 1368 re·

202 1425 294 1485 esse,
317 1421 364 1468 ne
379 1397 464 1469 ullis
477 1396 737 1466 mutationihus
749 1417 832 1464 ausa
849 1393 1060 1485 praebeatur
1074 1393 1202 1462 adver·
1253 1392 1450 1478 stituenda,
1471 1417 1560 1486 quae
1577 1395 1733 1490 synodus
1745 1396 1926 1480 decernet,
1946 1389 2039 1468 nihil
2054 1401 2217 1492 prodemnt
2279 1468 2280 1479 ,

84 1591 86 1597 k
202 1503 326 1587 seriis,
345 1521 469 1571 rursus
487 1496 645 1588 erigendi
669 1519 750 1567 ruas
763 1493 1042 1587 superstitiones,
1093 1491 1134 1564 Si
1147 1515 1202 1561 se·
1252 1489 1319 1564 hae
1349 1493 1579 1585 particulares
1608 1497 1842 1583 mutationes,
1875 1513 1931 1586 et,
1964 1513 2006 1571 ut
2030 1513 2164 1592 apparet
2189 1525 2218 1570 η

203 1605 274 1676 mel
296 1601 477 1694 coeperint
503 1598 615 1670 animi
648 1599 825 1668 labascere
849 1610 884 1667 et
909 1596 1106 1679 dubitare,
1124 1606 1200 1664 tum
1253 1595 1376 1665 multis
1391 1594 1552 1682 iudiciis,
1577 1594 1671 1666 nihil
1688 1597 1755 1690 piis
1771 1599 1973 1691 pastoribui
1990 1603 2111 1673 melius
2130 1615 2161 1673 et
2176 1616 2218 1672 tu.

194 1721 320 1779 -actum
336 1705 418 1788 erit,
431 1725 497 1771 nec
511 1701 700 1795 quicquam
716 1697 875 1791 proderit
887 1697 993 1768 nobis
1007 1690 1202 1768 ullahdia-
1253 1697 1324 1767 tius
1340 1697 1407 1767 erit
1424 1721 1541 1768 coram
1560 1693 1656 1784 Deo,
1681 1725 1786 1793 quarn
1803 1701 2008 1792 longissime
2023 1703 2137 1774 abesse
2150 1727 2166 1773 a
2178 1705 2219 1772 fu.

203 1805 348 1902 phorica
367 1803 537 1889 mutatio,
569 1802 652 1896 quia
676 1815 790 1874 totum
814 1799 988 1892 Papatum
1009 1795 1202 1869 adversarii
1253 1798 1343 1868 cosis
1373 1812 1408 1868 et
1439 1799 1572 1870 dolosis
1605 1801 1922 1878 deliberationibus
1954 1807 1999 1874 de
2038 1804 2219 1900 recipiendis
2279 1800 2280 1805 ’

201 1907 340 1982 restitui
354 1907 492 1978 volunt.
529 1899 588 1974 Ad
604 1925 670 1974 nos
684 1927 721 1973 se
734 1896 897 1998 pertrahi
914 1902 1012 1988 nulla
1027 1899 1201 1994 aequitate
1253 1895 1471 1992 Adiaphoris
1486 1914 1521 1972 et
1541 1885 2071 1994 fraudulentismutationibus,
2096 1908 2219 2000 eoquod
2277 1898 2278 1903 ’

151 2059 159 2066 -
204 2025 267 2084 aut
287 2008 507 2099 mitigatione
531 2005 732 2098 patientur,
765 2002 835 2094 ipsi
855 2003 1001 2088 volunt,
1033 2025 1100 2070 nos
1122 2013 1202 2070 tan·
1253 1999 1546 2072 interimistarum
1570 2003 1867 2076 deliberationum
1890 2009 1973 2078 linis
1994 2007 2059 2094 sit,
2081 2021 2121 2078 ut
2138 2009 2220 2078 totius

203 2137 310 2210 quim,
333 2105 529 2182 immilem
548 2119 583 2179 ‘i
607 2103 848 2178 ‘chissfflflfissoe
871 2106 916 2174 ed
938 2129 994 2185 ὅθι
1032 2116 1201 2197 tanquam
1253 2101 1408 2196 Papatus
1428 2103 1590 2195 impietas
1607 2105 1828 2194 restituatur,
1853 2132 1919 2179 nec
1935 2111 2028 2182 iusta
2046 2109 2221 2182 diiudicatio

203 2209 395 2286 catholicos
412 2224 447 2280 et
462 2197 678 2284 orthodoxos
695 2207 827 2278 reduci.
877 2204 956 2277 Hoc
971 2228 1110 2297 semper
1123 2227 1202 2295 ege·
1253 2204 1452 2290 doctrinae,
1477 2229 1542 2276 nec
1564 2223 1655 2278 recta
1673 2209 1878 2280 reformatio
1891 2205 2131 2284 Ecclesiarum
2144 2235 2222 2302 erpe-

106 2347 124 2364 ··
203 2330 289 2388 runt
312 2328 346 2386 et
368 2313 407 2383 in
428 2307 498 2382 hoc
519 2311 702 2402 proposito
724 2309 931 2402 persistunt.
982 2306 1067 2378 Ideo
1090 2300 1203 2378 Adii·
1254 2309 1378 2378 clauda
1402 2306 1457 2378 sit.
1511 2297 1597 2378 item
1618 2305 1714 2400 pihil
1737 2311 1880 2382 videtur
1900 2336 2022 2385 coram
2045 2311 2121 2386 Deo
2139 2313 2221 2384 tatto

202 2415 359 2512 photicis
376 2412 640 2486 mutationibus
662 2412 794 2484 lrustra
809 2410 994 2506 quaeritur
1012 2407 1202 2480 concordia
1255 2423 1289 2479 et
1305 2403 1471 2478 Ecclesiis
1486 2409 1611 2479 utilius
1625 2435 1716 2492 esse,
1741 2437 1847 2506 quam
1870 2415 1990 2485 nullas
2007 2417 2151 2486 omnino
2162 2437 2220 2482 nu.

79 2561 96 2611 ·,
203 2519 299 2614 apud
319 2511 550 2589 fldvefflfbli·
706 2531 723 2560 ⁸
972 2579 973 2583 ,
1254 2509 1404 2582 tationes
1419 2509 1551 2595 facere,
1576 2526 1764 2606 antequam
1782 2528 1878 2584 certo
1895 2531 2052 2604 constet,
2079 2539 2166 2612 posse
2177 2513 2216 2580 illa

307 2666 436 2740 Aulica
452 2631 600 2738 consilii
614 2663 659 2734 de
673 2599 1203 2754 recipiendirAdiaphoristah-
1255 2611 1462 2732 sib⁸i⁵i⁸i⁶'
1485 2636 1575 2706 ‘¹⁰³⁰
1591 2614 1788 2732 m⁰i³¹i⁰⁰⁰
1803 2640 1895 2687 ⁰⁰⁹³
1912 2617 1952 2688 ⁵¹¹
1971 2620 2063 2690 νεώ
2074 2609 2218 2730 Adi²ih⁰s

205 2787 282 2844 mm
301 2745 516 2863 patef‘gcgunt
530 2761 741 2836 δώῃ-θῶ,
757 2761 853 2832 viam
872 2763 915 2832 ad
934 2763 989 2848 id,
1014 2763 1110 2857 quod
1125 2785 1204 2831 mo·
1243 2738 1305 2784 ris
1327 2713 1575 2789 admittuntur.
1635 2714 1722 2786 Sane
1745 2711 1812 2788 hac
1829 2719 2053 2791 certitudine
2078 2715 2162 2790 nihil
2177 2725 2222 2784 eut

204 2873 355 2948 liuntur.
406 2863 570 2941 Islcbius
592 2867 632 2938 in
651 2862 916 2958 epistolissuis,
939 2887 1027 2958 quas
1051 2865 1097 2935 ad
1121 2885 1204 2934 suos

112 2967 131 2990 ⁸
196 2975 347 3060 ¹scribit,
376 2961 578 3068 quaeritur,
608 2967 748 3042 inscitia
778 2977 959 3058 pastorum
981 2965 1076 3052 lieri,
1106 2965 1204 3060 quod

206 3101 270 3149 sua
287 3069 492 3168 Adiapbora
508 3069 680 3164 gravatim
694 3066 929 3149 admittantur
939 3122 949 3153 ,
961 3080 997 3140 et
1012 3091 1076 3161 pro
1091 3063 1205 3140 Adia-

205 3175 330 3274 phoris
359 3200 433 3248 non
464 3183 720 3264 agnoscantur,
756 3193 848 3265 quae
869 3169 944 3262 ipse
965 3166 1151 3256 somniat,
1170 3181 1206 3240 et

206 3273 288 3366 cuni
299 3299 444 3358 summo
460 3273 677 3348 offendiculo
695 3285 730 3344 et
744 3285 838 3344 certa
849 3265 1088 3346 Ecclesiamm
1105 3295 1205 3341 ever-

206 3385 308 3456 sione
332 3379 514 3452 observari
538 3371 883 3466 deberecontepdit.
942 3371 1014 3445 Sed
1038 3373 1113 3468 ipse
1136 3372 1205 3442 sihi

174 3565 178 3573 ¹
205 3480 334 3556 habeat
347 3505 430 3555 suae
444 3479 656 3554 eruditionis
671 3477 814 3548 laudem
829 3471 1013 3560 Islebt'use
1026 3475 1206 3568 relinquat

206 3587 314 3658 nobis
328 3583 590 3678 simplicitatem
603 3594 745 3651 nostrae
760 3578 1005 3658 innocentiae,
1031 3590 1066 3647 et
1087 3574 1128 3648 ut
1150 3599 1205 3646 se-

208 3675 500 3782 ,qdamur'sacrae
523 3682 717 3775 scripturae
737 3694 776 3752 et
796 3673 1014 3751 orthodoxae
1027 3675 1206 3749 Ecclesiae

208 3788 404 3874 iudicium,
420 3809 510 3880 quae
525 3778 733 3876 Adiaphora
749 3781 860 3856 libera
876 3781 1103 3876 pronuntiat,
1116 3803 1214 3875 quae

69 3903 77 3916 '
190 3883 267 3962 Ὶιίε
292 3888 371 3960 vult
394 3884 588 3968 Ecclesiam
611 3879 790 3954 aedificari
813 3905 895 3968 non¹
906 3881 1041 3954 destrui
1057 3885 1208 3952 scanda-

208 3982 274 4078 lis,
286 3989 422 4061 mederi
435 4012 510 4060 non
525 4011 564 4056 ea
581 3985 761 4070 suscitari,
777 3984 1063 4076 superstitionem
1077 3997 1113 4054 et
1129 4007 1208 4054 cor·

174 4131 179 4142 ·
207 4092 367 4187 ruptelas
385 4103 422 4162 et
442 4090 640 4181 impietates
655 4083 812 4158 Ecclesia
837 4085 977 4156 excludi
998 4107 1072 4156 non
1093 4085 1210 4156 intro-

192 4195 307 4267 'duci
332 4191 439 4288 „Non
462 4205 514 4262 est
533 4189 634 4276 satis,
657 4181 827 4258 homines
849 4187 972 4258 ludere
994 4176 1125 4260 fucosis
1146 4187 1210 4278 lig-

200 4242 343 4387 hnentis
359 4308 395 4366 et
414 4295 551 4385 ineptas
567 4315 678 4383 nugas
695 4289 891 4379 allegoricis
914 4287 1004 4360 lucis
1026 4303 1150 4368 ornate
1176 4281 1211 4359 'et

183 4411 186 4418 '
215 4390 342 4470 dullide
356 4395 622 4468 accommodare
638 4396 682 4464 ad
696 4414 752 4464 res
768 4393 883 4490 hortas¹
902 4405 937 4463 et
951 4415 1084 4470 novum
1101 4391 1211 4464 ratio-

215 4501 296 4572 nale
310 4498 515 4570 divinorum
534 4493 755 4568 comminisci
771 4493 971 4564 sine·ve'rho
987 4489 1065 4566 Det
1084 4491 1215 4564 ,Novis

216 4601 352 4674 umbris
373 4613 409 4674 et
430 4599 526 4695 typis
544 4594 702 4670 Ecclesia
722 4619 797 4666 non
822 4592 929 4668 hahet
952 4603 1060 4692 opus,
1085 4593 1128 4665 iis
1150 4619 1216 4688 per

218 4699 402 4776 Christum
419 4717 470 4772 est
485 4699 649 4785 liberata,
673 4693 782 4770 habet
796 4720 898 4770 suum
914 4699 1071 4784 cultum,
1095 4691 1224 4774 Evam

219 4805 312 4898 gelio
333 4799 469 4877 Christi
494 4801 708 4894 descriptum
732 4814 766 4871 et
782 4801 1040 4916 constitutum,
1072 4799 1131 4871 cui
1152 4823 1221 4883 nec¹

220 4907 351 4978 addere
375 4930 441 4982 nec
461 4907 617 4986 adimere
638 4902 828 4998 quicquam
849 4903 954 4974 debet
972 4899 1128 4974 humana
1153 4925 1220 4971 au·

220 5009 334 5082 dacia.
751 5031 756 5038 ·

1255 2813 1752 2904 mutationibustentandum,
1777 2833 1961 2912 quactum
1981 2819 2155 2894 Ecclesiae
2171 2833 2224 2889 tun

1254 2913 1361 3009 Reip.
1381 2915 1485 2985 valde
1510 2918 1727 3010 periculosae
1746 2933 1861 2997 erunt.
1921 2921 2066 3013 Quodsi
2089 2945 2164 2992 vero
2184 2943 2225 3010 pa·

1249 3031 1367 3100 ,stores
1406 3017 1649 3110 improbantes
1684 3020 1807 3092 noxias
1840 3027 2060 3097 mutationes
2101 3020 2225 3095 Ecclesia

1256 3121 1485 3200 dicerentur,
1500 3119 1608 3192 satius
1621 3121 1707 3204 erit,
1721 3116 1763 3193 ut
1775 3125 1968 3216 patiantur,
1983 3135 2021 3200 se
2040 3127 2135 3212 eiici,
2148 3143 2226 3220 quant

1255 3237 1296 3296 ut
1326 3223 1495 3294 adiuveht
1520 3221 1789 3296 luterimisticos
1819 3241 1989 3312 conatus,
2025 3254 2064 3299 se
2096 3227 2226 3322 polluant

1238 3325 1382 3396 ‘attente
1406 3326 1554 3416 peccatis
1575 3337 1612 3400 ei
1629 3328 1782 3420 prodant
1799 3322 1933 3399 Christi
1956 3331 2165 3424 religionem
2185 3323 2228 3396 ad·
2278 3369 2281 3428 3

1256 3423 1432 3499 versariis.
1460 3511 1462 3521 Ι
1492 3417 1516 3490 J

1368 3523 1464 3616 Quia
1490 3539 1609 3610 autem
1631 3529 1816 3616 novimus,
1849 3534 2077 3606 adversarios
2103 3531 2231 3625 Papistas

1256 3649 1331 3696 esse
1356 3626 1591 3721 imprubiores
1616 3643 1653 3700 et
1678 3632 1902 3725 superbiores
1927 3650 1965 3707 et
1993 3637 2231 3727 pertinaciores,
2271 3556 2281 3771 Ι

1258 3753 1364 3834 quam
1387 3743 1429 3800 ut
1448 3744 1563 3801 ratum
1585 3725 1743 3804 habituri
1766 3736 1856 3822 sint,
1878 3735 1914 3822 si
1938 3737 2032 3831 quid
2058 3737 2185 3810 utiliter
2206 3733 2232 3802 itt

1258 3828 1390 3904 nostris
1404 3827 1573 3902 Ecclesiis
1586 3835 1863 3926 constituantur3
1890 3838 1974 3910 ideo
2002 3853 2148 3934 propter
2162 3857 2233 3906 com-
2280 3861 2281 3870 ¹

1258 3957 1402 4004 munem
1433 3933 1661 4007 concordiam
1680 3961 1762 4010 cum
1777 3931 1967 4022 Ecclesiis,
1985 3943 2111 4014 nobis
2136 3934 2171 4010 in
2189 3937 2234 4006 dte

1259 4035 1373 4107 ctrina
1389 4029 1577 4126 Evangelii
1595 4039 1813 4127 coniunctis,
1838 4066 1911 4113 non
1927 4045 2172 4138 recusphimus
2190 4037 2235 4107 ad·
2273 4041 2281 4095 l

1260 4137 1400 4208 mittere
1423 4133 1631 4230 Adiaphora
1643 4131 1755 4228 ‘vera,
1775 4145 1869 4214 etad
1888 4159 1996 4216 veros
2011 4169 2100 4218 usus
2121 4160 2154 4220 st
2172 4143 2236 4212 huet

1261 4241 1414 4327 directa,
1447 4240 1566 4348 qualia
1589 4241 1705 4334 primo
1735 4243 1862 4314 ordine
1883 4249 2146 4321 recensuimus.
2195 4237 2237 4310 ΙΙΙ·

1261 4356 1421 4435 staurent
1441 4344 1635 4416 adversarii
1663 4369 1762 4418 suam
1785 4346 2007 4438 impietatem
2038 4353 2118 4420 sine
2142 4343 2237 4420 nobiti

1264 4445 1294 4528 si
1317 4445 1513 4536 persecutio
1536 4457 1571 4516 et
1595 4445 1745 4546 servitus
1769 4447 1916 4519 lereuda
1949 4466 2027 4534 est,
2060 4453 2238 4523 taratara

1264 4547 1346 4618 sine
1365 4545 1636 4620 labefactatione
1661 4543 1848 4640 Evangelii
1873 4545 2035 4642 Christi3
2063 4579 2135 4624 non
2151 4549 2240 4621 olim·

1266 4649 1399 4718 dantur
1413 4646 1484 4740 pii,
1505 4655 1574 4718 nec‘
1592 4648 1792 4721 afficiantur
1816 4650 2020 4742 ignominia
2047 4651 2177 4728 Christi
2189 4643 2240 4720 Et·

1263 4748 1370 4822 etesia
1378 4781 1393 4835 ,1
1411 4773 1498 4819 non
1522 4764 1769 4843 corrumpatur
1789 4753 1954 4826 doctriua
1977 4752 2136 4842 Christi,
2164 4751 2240 4843 apr

1257 4851 1440 4922 ¹stolorum
1461 4864 1503 4942 ,et
1527 4845 1805 4944 Prophetarum
1826 4855 1909 4946 puri
1935 4859 2062 4934 cultus
2088 4883 2159 4930 non
2176 4873 2241 4924 cott-

1268 4953 1496 5026 taminentur.
1516 5013 1518 5019 ,
1547 4951 1590 5022 ln
1606 4976 1677 5048 quo
1693 4955 1898 5038 discrimine
1914 4969 2020 5032 nunc
2043 4963 2174 5056 ubique
2191 4950 2241 5024 tte-

1270 5055 1459 5126 etesiae-et
1482 5052 1719 5148 Respublicae
1743 5071 1951 5145 versentur,
1987 5063 2139 5150 scimus,
2157 5055 2243 5136 velle·

327 5150 534 5245 Adiaphora
553 5179 660 5240 vero,
697 5175 789 5248 quae
810 5153 927 5244 primo
948 5152 1075 5224 ordine
1097 5149 1221 5244 posui·
1270 5159 1419 5250 musque
1452 5155 1605 5238 libenter
1636 5157 1687 5230 sic
1714 5159 1899 5232 instituere
1928 5167 2054 5236 nostri
2081 5151 2241 5234 ministerii

224 5281 328 5342 mus,
362 5257 570 5327 concordiae
594 5253 922 5350 ettranquillitatis
942 5275 1045 5326 causa
1067 5253 1222 5322 libenter
1269 5257 1444 5340 rationes,
1469 5271 1510 5330 ut
1523 5255 1701 5332 Ecclesiae
1713 5257 1847 5336 Christi
1869 5268 2127 5358 prodessemus
2147 5277 2176 5332 at
2194 5279 2242 5328 ao·

221 5363 494 5444 observaremus
520 5383 600 5428 cum
630 5359 709 5454 allis
728 5353 915 5440 Ecclesiis,
945 5355 1134 5447 puritatem
1156 5357 1222 5423 do·
1269 5375 1361 5432 strae
1394 5361 1617 5454 aliorumque
1653 5362 1889 5438 conscientiae
1922 5383 2025 5441 recte
2066 5364 2240 5441 consulem·

227 5463 362 5534 ctriuae
376 5459 676 5546 custodientibus,
700 5473 901 5550 optaremus
920 5457 1117 5550 generalem
1135 5481 1240 5528 corr·v
1271 5485 1366 5546 mus,
1389 5461 1604 5558 animosque
1627 5478 1767 5538 nostros
1792 5463 2057 5562 praeparemm'
2070 5471 2110 5541 in
2129 5479 2241 5540 omnem
