<?xml version="1.0" encoding="UTF-8"?>
<!DOCTYPE html PUBLIC "-//W3C//DTD XHTML 1.0 Transitional//EN"
    "http://www.w3.org/TR/xhtml1/DTD/xhtml1-transitional.dtd">
<html xmlns="http://www.w3.org/1999/xhtml" xml:lang="en" lang="en">
 <head>
  <title>
</title>
<meta http-equiv="Content-Type" content="text/html;charset=utf-8" />
  <meta name='ocr-system' content='tesseract 3.04.00' />
  <meta name='ocr-capabilities' content='ocr_page ocr_carea ocr_par ocr_line ocrx_word'/>
</head>
<body>
  <div class='ocr_page' id='page_1' title='image "./philippimelanth04bindgoog_0605.png"; bbox 0 0 4730 6202; ppageno 0'>
   <div class='ocr_carea' id='block_1_1' title="bbox 144 299 240 376">
    <p class='ocr_par' dir='ltr' id='par_1_1' title="bbox 144 299 240 376">
     <span class='ocr_line' id='line_1_1' title="bbox 144 299 240 376; baseline 0 0"><span class='ocrx_word' id='word_1_1' title='bbox 144 299 240 376; x_wconf 75' lang='lat' dir='ltr'>stas</span> 
     </span>
    </p>
   </div>
   <div class='ocr_carea' id='block_1_2' title="bbox 138 459 1131 1164">
    <p class='ocr_par' dir='ltr' id='par_1_2' title="bbox 138 459 1131 1164">
     <span class='ocr_line' id='line_1_2' title="bbox 138 459 1131 557; baseline -0.003 -21"><span class='ocrx_word' id='word_1_2' title='bbox 138 479 243 536; x_wconf 80' lang='lat' dir='ltr'>vante</span> <span class='ocrx_word' id='word_1_3' title='bbox 267 465 391 536; x_wconf 85' lang='lat' dir='ltr'>redibo</span> <span class='ocrx_word' id='word_1_4' title='bbox 416 459 677 557; x_wconf 76' lang='lat' dir='ltr'>W&#39;tehergam</span> <span class='ocrx_word' id='word_1_5' title='bbox 700 475 782 534; x_wconf 88' lang='lat' dir='ltr'>ante</span> <span class='ocrx_word' id='word_1_6' title='bbox 803 461 977 534; x_wconf 88' lang='lat' dir='ltr'>Calendas</span> <span class='ocrx_word' id='word_1_7' title='bbox 999 461 1131 534; x_wconf 85' lang='lat' dir='ltr'>lanua-</span> 
     </span>
     <span class='ocr_line' id='line_1_3' title="bbox 139 567 1104 656; baseline 0.002 -18"><span class='ocrx_word' id='word_1_8' title='bbox 139 569 197 642; x_wconf 86' lang='lat' dir='ltr'>rii.</span> <span class='ocrx_word' id='word_1_9' title='bbox 223 567 294 639; x_wconf 88' lang='lat' dir='ltr'>Sed</span> <span class='ocrx_word' id='word_1_10' title='bbox 312 571 354 635; x_wconf 89' lang='lat' dir='ltr'>de</span> <span class='ocrx_word' id='word_1_11' title='bbox 372 567 555 636; x_wconf 77' lang='lat' dir='ltr'>mittendis</span> <span class='ocrx_word' id='word_1_12' title='bbox 571 567 654 634; x_wconf 88' lang='lat' dir='ltr'>filiis</span> <span class='ocrx_word' id='word_1_13' title='bbox 669 581 846 656; x_wconf 87' lang='lat' dir='ltr'>expectate</span> <span class='ocrx_word' id='word_1_14' title='bbox 864 589 959 636; x_wconf 86' lang='lat' dir='ltr'>meas</span> <span class='ocrx_word' id='word_1_15' title='bbox 975 567 1104 640; x_wconf 77' lang='lat' dir='ltr'>literas.</span> 
     </span>
     <span class='ocr_line' id='line_1_4' title="bbox 239 664 1130 761; baseline -0.007 -21"><span class='ocrx_word' id='word_1_16' title='bbox 239 669 294 740; x_wconf 87' lang='lat' dir='ltr'>De</span> <span class='ocrx_word' id='word_1_17' title='bbox 313 666 452 760; x_wconf 85' lang='lat' dir='ltr'>Repnb.</span> <span class='ocrx_word' id='word_1_18' title='bbox 467 664 560 736; x_wconf 83' lang='lat' dir='ltr'>nilril</span> <span class='ocrx_word' id='word_1_19' title='bbox 576 666 661 736; x_wconf 90' lang='lat' dir='ltr'>novi</span> <span class='ocrx_word' id='word_1_20' title='bbox 683 667 772 752; x_wconf 88' lang='lat' dir='ltr'>scio,</span> <span class='ocrx_word' id='word_1_21' title='bbox 796 668 865 738; x_wconf 88' lang='lat' dir='ltr'>nisi</span> <span class='ocrx_word' id='word_1_22' title='bbox 888 668 984 761; x_wconf 92' lang='lat' dir='ltr'>quod</span> <span class='ocrx_word' id='word_1_23' title='bbox 1004 667 1130 738; x_wconf 89' lang='lat' dir='ltr'>scribi-</span> 
     </span>
     <span class='ocr_line' id='line_1_5' title="bbox 140 763 1129 862; baseline -0.006 -20"><span class='ocrx_word' id='word_1_24' title='bbox 140 783 200 842; x_wconf 88' lang='lat' dir='ltr'>tur</span> <span class='ocrx_word' id='word_1_25' title='bbox 214 795 255 838; x_wconf 85' lang='lat' dir='ltr'>er</span> <span class='ocrx_word' id='word_1_26' title='bbox 271 768 482 860; x_wconf 84' lang='lat' dir='ltr'>Noriberga,</span> <span class='ocrx_word' id='word_1_27' title='bbox 508 770 626 838; x_wconf 91' lang='lat' dir='ltr'>decern</span> <span class='ocrx_word' id='word_1_28' title='bbox 644 790 752 836; x_wconf 86' lang='lat' dir='ltr'>nares</span> <span class='ocrx_word' id='word_1_29' title='bbox 775 768 813 837; x_wconf 90' lang='lat' dir='ltr'>in</span> <span class='ocrx_word' id='word_1_30' title='bbox 832 769 920 838; x_wconf 90' lang='lat' dir='ltr'>mari</span> <span class='ocrx_word' id='word_1_31' title='bbox 939 763 1129 862; x_wconf 88' lang='lat' dir='ltr'>Tyrrheno</span> 
     </span>
     <span class='ocr_line' id='line_1_6' title="bbox 139 871 1130 962; baseline -0.006 -18"><span class='ocrx_word' id='word_1_32' title='bbox 139 897 159 944; x_wconf 91' lang='lat' dir='ltr'>a</span> <span class='ocrx_word' id='word_1_33' title='bbox 187 871 294 941; x_wconf 88' lang='lat' dir='ltr'>Gallo</span> <span class='ocrx_word' id='word_1_34' title='bbox 317 884 434 962; x_wconf 89' lang='lat' dir='ltr'>captas</span> <span class='ocrx_word' id='word_1_35' title='bbox 456 893 544 940; x_wconf 88' lang='lat' dir='ltr'>esse:</span> <span class='ocrx_word' id='word_1_36' title='bbox 575 882 610 939; x_wconf 90' lang='lat' dir='ltr'>et</span> <span class='ocrx_word' id='word_1_37' title='bbox 635 891 798 958; x_wconf 81' lang='lat' dir='ltr'>maguam</span> <span class='ocrx_word' id='word_1_38' title='bbox 832 892 906 940; x_wconf 85' lang='lat' dir='ltr'>esse</span> <span class='ocrx_word' id='word_1_39' title='bbox 935 871 1130 960; x_wconf 91' lang='lat' dir='ltr'>potentiam</span> 
     </span>
     <span class='ocr_line' id='line_1_7' title="bbox 139 969 1130 1058; baseline -0.006 -14"><span class='ocrx_word' id='word_1_40' title='bbox 139 973 259 1044; x_wconf 84' lang='lat' dir='ltr'>classis</span> <span class='ocrx_word' id='word_1_41' title='bbox 274 970 445 1042; x_wconf 90' lang='lat' dir='ltr'>Turcicae</span> <span class='ocrx_word' id='word_1_42' title='bbox 459 973 498 1040; x_wconf 93' lang='lat' dir='ltr'>in</span> <span class='ocrx_word' id='word_1_43' title='bbox 514 969 624 1054; x_wconf 90' lang='lat' dir='ltr'>mari,</span> <span class='ocrx_word' id='word_1_44' title='bbox 648 985 683 1041; x_wconf 90' lang='lat' dir='ltr'>et</span> <span class='ocrx_word' id='word_1_45' title='bbox 701 971 895 1058; x_wconf 88' lang='lat' dir='ltr'>periculum</span> <span class='ocrx_word' id='word_1_46' title='bbox 918 993 991 1040; x_wconf 89' lang='lat' dir='ltr'>esse</span> <span class='ocrx_word' id='word_1_47' title='bbox 1009 969 1130 1040; x_wconf 89' lang='lat' dir='ltr'>ltaliae</span> 
     </span>
     <span class='ocr_line' id='line_1_8' title="bbox 139 1067 1130 1164; baseline -0.002 -22"><span class='ocrx_word' id='word_1_48' title='bbox 139 1089 173 1144; x_wconf 87' lang='lat' dir='ltr'>et</span> <span class='ocrx_word' id='word_1_49' title='bbox 188 1071 392 1164; x_wconf 86' lang='lat' dir='ltr'>Hispaniae.</span> <span class='ocrx_word' id='word_1_50' title='bbox 435 1071 618 1163; x_wconf 87' lang='lat' dir='ltr'>impendet</span> <span class='ocrx_word' id='word_1_51' title='bbox 633 1071 714 1140; x_wconf 87' lang='lat' dir='ltr'>linis</span> <span class='ocrx_word' id='word_1_52' title='bbox 729 1093 931 1160; x_wconf 81' lang='lat' dir='ltr'>regnorum.</span> <span class='ocrx_word' id='word_1_53' title='bbox 974 1067 1130 1142; x_wconf 90' lang='lat' dir='ltr'>Oremus</span> 
     </span>
    </p>
   </div>
   <div class='ocr_carea' id='block_1_3' title="bbox 2 1153 1131 1265">
    <p class='ocr_par' dir='ltr' id='par_1_3' title="bbox 2 1153 1131 1265">
     <span class='ocr_line' id='line_1_9' title="bbox 2 1153 1131 1265; baseline -0.006 -18"><span class='ocrx_word' id='word_1_54' title='bbox 2 1153 4 1218; x_wconf 40' lang='lat'><em>7</em></span> <span class='ocrx_word' id='word_1_55' title='bbox 138 1171 273 1258; x_wconf 88' lang='lat' dir='ltr'>Deum,</span> <span class='ocrx_word' id='word_1_56' title='bbox 286 1186 325 1244; x_wconf 90' lang='lat' dir='ltr'>ut</span> <span class='ocrx_word' id='word_1_57' title='bbox 344 1187 458 1244; x_wconf 89' lang='lat' dir='ltr'>servet</span> <span class='ocrx_word' id='word_1_58' title='bbox 471 1171 649 1243; x_wconf 82' lang='lat' dir='ltr'>Ecclesiae</span> <span class='ocrx_word' id='word_1_59' title='bbox 663 1171 842 1265; x_wconf 82' lang='lat' dir='ltr'>reliquias.</span> <span class='ocrx_word' id='word_1_60' title='bbox 893 1171 990 1240; x_wconf 88' lang='lat' dir='ltr'>Bene</span> <span class='ocrx_word' id='word_1_61' title='bbox 1005 1174 1131 1253; x_wconf 88' lang='lat' dir='ltr'>valete,</span> 
     </span>
    </p>
   </div>
   <div class='ocr_carea' id='block_1_4' title="bbox 139 1269 1127 1468">
    <p class='ocr_par' dir='ltr' id='par_1_4' title="bbox 139 1269 1127 1468">
     <span class='ocr_line' id='line_1_10' title="bbox 139 1269 1102 1370; baseline -0.003 -24"><span class='ocrx_word' id='word_1_62' title='bbox 139 1276 197 1346; x_wconf 87' lang='lat' dir='ltr'>die</span> <span class='ocrx_word' id='word_1_63' title='bbox 216 1274 498 1346; x_wconf 79' lang='lat' dir='ltr'>14.Decembris.</span> <span class='ocrx_word' id='word_1_64' title='bbox 532 1273 683 1362; x_wconf 85' lang='lat' dir='ltr'>Torgae,</span> <span class='ocrx_word' id='word_1_65' title='bbox 703 1271 812 1342; x_wconf 88' lang='lat' dir='ltr'>Anno</span> <span class='ocrx_word' id='word_1_66' title='bbox 825 1271 934 1348; x_wconf 74' lang='lat'><strong>155³.</strong></span> <span class='ocrx_word' id='word_1_67' title='bbox 947 1269 1102 1370; x_wconf 66' lang='lat'>[1552]</span> 
     </span>
     <span class='ocr_line' id='line_1_11' title="bbox 241 1373 1127 1468; baseline -0.001 -23"><span class='ocrx_word' id='word_1_68' title='bbox 241 1374 399 1448; x_wconf 84' lang='lat' dir='ltr'>Salutem</span> <span class='ocrx_word' id='word_1_69' title='bbox 416 1389 500 1468; x_wconf 90' lang='lat' dir='ltr'>opto</span> <span class='ocrx_word' id='word_1_70' title='bbox 524 1389 730 1444; x_wconf 87' lang='lat' dir='ltr'>reverenter</span> <span class='ocrx_word' id='word_1_71' title='bbox 752 1375 829 1442; x_wconf 88' lang='lat' dir='ltr'>viro</span> <span class='ocrx_word' id='word_1_72' title='bbox 845 1375 980 1466; x_wconf 89' lang='lat' dir='ltr'>optimo</span> <span class='ocrx_word' id='word_1_73' title='bbox 995 1373 1040 1447; x_wconf 90' lang='lat' dir='ltr'>D.</span> <span class='ocrx_word' id='word_1_74' title='bbox 1055 1373 1127 1444; x_wconf 94' lang='lat' dir='ltr'>Do-</span> 
     </span>
    </p>
   </div>
   <div class='ocr_carea' id='block_1_5' title="bbox 2 1471 1132 1750">
    <p class='ocr_par' dir='ltr' id='par_1_5' title="bbox 2 1471 1132 1750">
     <span class='ocr_line' id='line_1_12' title="bbox 2 1471 1132 1571; baseline -0.004 -22"><span class='ocrx_word' id='word_1_75' title='bbox 2 1547 5 1568; x_wconf 56' lang='lat'>,</span> <span class='ocrx_word' id='word_1_76' title='bbox 139 1477 228 1548; x_wconf 90' lang='lat' dir='ltr'>ctori</span> <span class='ocrx_word' id='word_1_77' title='bbox 258 1475 505 1571; x_wconf 81' lang='lat' dir='ltr'>Hieronymo,</span> <span class='ocrx_word' id='word_1_78' title='bbox 544 1489 579 1546; x_wconf 91' lang='lat' dir='ltr'>et</span> <span class='ocrx_word' id='word_1_79' title='bbox 608 1475 674 1544; x_wconf 92' lang='lat' dir='ltr'>toti</span> <span class='ocrx_word' id='word_1_80' title='bbox 706 1475 782 1544; x_wconf 93' lang='lat' dir='ltr'>eius</span> <span class='ocrx_word' id='word_1_81' title='bbox 807 1471 987 1544; x_wconf 81' lang='lat' dir='ltr'>Ecclesiae</span> <span class='ocrx_word' id='word_1_82' title='bbox 1008 1477 1132 1545; x_wconf 89' lang='lat' dir='ltr'>dome-</span> 
     </span>
     <span class='ocr_line' id='line_1_13' title="bbox 2 1567 1132 1747; baseline -0.005 -97"><span class='ocrx_word' id='word_1_83' title='bbox 2 1651 7 1692; x_wconf 49' lang='lat'>:</span> <span class='ocrx_word' id='word_1_84' title='bbox 138 1580 266 1664; x_wconf 78' lang='lat' dir='ltr'>eticae,</span> <span class='ocrx_word' id='word_1_85' title='bbox 281 1589 325 1747; x_wconf 88' lang='lat' dir='ltr'>let</span> <span class='ocrx_word' id='word_1_86' title='bbox 347 1576 393 1648; x_wconf 89' lang='lat' dir='ltr'>D.</span> <span class='ocrx_word' id='word_1_87' title='bbox 407 1567 625 1658; x_wconf 80' lang='lat' dir='ltr'>Matthiae,</span> <span class='ocrx_word' id='word_1_88' title='bbox 647 1588 684 1646; x_wconf 89' lang='lat' dir='ltr'>et</span> <span class='ocrx_word' id='word_1_89' title='bbox 707 1577 810 1646; x_wconf 84' lang='lat' dir='ltr'>vobis</span> <span class='ocrx_word' id='word_1_90' title='bbox 829 1577 1009 1650; x_wconf 90' lang='lat' dir='ltr'>omnibus.</span> <span class='ocrx_word' id='word_1_91' title='bbox 1062 1573 1132 1646; x_wconf 81' lang='lat' dir='ltr'>lte-</span> 
     </span>
     <span class='ocr_line' id='line_1_14' title="bbox 139 1692 359 1750; baseline 0 0"><span class='ocrx_word' id='word_1_92' title='bbox 139 1705 219 1750; x_wconf 89' lang='lat' dir='ltr'>rum</span> <span class='ocrx_word' id='word_1_93' title='bbox 237 1705 278 1748; x_wconf 84' lang='lat' dir='ltr'>va</span> <span class='ocrx_word' id='word_1_94' title='bbox 296 1692 359 1750; x_wconf 86' lang='lat' dir='ltr'>ete.</span> 
     </span>
    </p>
   </div>
   <div class='ocr_carea' id='block_1_6' title="bbox 714 2025 1134 2167">
    <p class='ocr_par' dir='ltr' id='par_1_6' title="bbox 714 2025 1134 2167">
     <span class='ocr_line' id='line_1_15' title="bbox 714 2025 1134 2110; baseline -0.012 -18"><span class='ocrx_word' id='word_1_95' title='bbox 714 2034 769 2098; x_wconf 83' lang='lat'>17.</span> <span class='ocrx_word' id='word_1_96' title='bbox 783 2025 878 2093; x_wconf 86' lang='lat' dir='ltr'>Decb.</span> <span class='ocrx_word' id='word_1_97' title='bbox 894 2025 959 2108; x_wconf 87' lang='lat' dir='ltr'>(W</span> <span class='ocrx_word' id='word_1_98' title='bbox 959 2025 1134 2110; x_wconf 78' lang='lat' dir='ltr'>itabergae.)</span> 
     </span>
     <span class='ocr_line' id='line_1_16' title="bbox 753 2119 1105 2167; baseline -0.02 -10"><span class='ocrx_word' id='word_1_99' title='bbox 753 2119 1105 2167; x_wconf 50' lang='lat' dir='ltr'><em>W</em></span> 
     </span>
    </p>
   </div>
   <div class='ocr_carea' id='block_1_7' title="bbox 210 2217 971 2460">
    <p class='ocr_par' dir='ltr' id='par_1_7' title="bbox 210 2217 971 2460">
     <span class='ocr_line' id='line_1_17' title="bbox 496 2217 780 2312; baseline -0.014 0"><span class='ocrx_word' id='word_1_100' title='bbox 496 2222 540 2312; x_wconf 81' lang='lat' dir='ltr'>C.</span> <span class='ocrx_word' id='word_1_101' title='bbox 571 2217 780 2308; x_wconf 85' lang='lat' dir='ltr'>Peaearo.</span> 
     </span>
     <span class='ocr_line' id='line_1_18' title="bbox 210 2375 971 2460; baseline -0.014 -18"><span class='ocrx_word' id='word_1_102' title='bbox 210 2386 296 2460; x_wconf 72' lang='lat' dir='ltr'>ran.</span> <span class='ocrx_word' id='word_1_103' title='bbox 309 2383 356 2440; x_wconf 72' lang='lat' dir='ltr'>ras.</span> <span class='ocrx_word' id='word_1_104' title='bbox 370 2381 402 2436; x_wconf 93' lang='lat' dir='ltr'>n.</span> <span class='ocrx_word' id='word_1_105' title='bbox 421 2399 449 2452; x_wconf 72' lang='lat' dir='ltr'>p.</span> <span class='ocrx_word' id='word_1_106' title='bbox 464 2377 526 2434; x_wconf 82' lang='lat' dir='ltr'>sos.</span> <span class='ocrx_word' id='word_1_107' title='bbox 545 2377 599 2447; x_wconf 59' lang='lat' dir='ltr'>(aa.</span> <span class='ocrx_word' id='word_1_108' title='bbox 613 2375 698 2432; x_wconf 71' lang='lat' dir='ltr'>una.</span> <span class='ocrx_word' id='word_1_109' title='bbox 715 2375 765 2430; x_wconf 76' lang='lat' dir='ltr'>nu</span> <span class='ocrx_word' id='word_1_110' title='bbox 783 2375 817 2433; x_wconf 93' lang='lat' dir='ltr'>n.</span> <span class='ocrx_word' id='word_1_111' title='bbox 831 2394 874 2450; x_wconf 68' lang='lat' dir='ltr'>ep.</span> <span class='ocrx_word' id='word_1_112' title='bbox 887 2376 971 2448; x_wconf 73' lang='lat' dir='ltr'>aaa</span> 
     </span>
    </p>
   </div>
   <div class='ocr_carea' id='block_1_8' title="bbox 380 2525 900 2634">
    <p class='ocr_par' dir='ltr' id='par_1_8' title="bbox 380 2525 900 2634">
     <span class='ocr_line' id='line_1_19' title="bbox 380 2525 900 2634; baseline -0.012 -25"><span class='ocrx_word' id='word_1_113' title='bbox 380 2534 437 2614; x_wconf 88' lang='lat' dir='ltr'>D.</span> <span class='ocrx_word' id='word_1_114' title='bbox 462 2527 680 2634; x_wconf 85' lang='lat' dir='ltr'>Casparo</span> <span class='ocrx_word' id='word_1_115' title='bbox 704 2525 900 2606; x_wconf 85' lang='lat' dir='ltr'>Peucero</span> 
     </span>
    </p>
   </div>
   <div class='ocr_carea' id='block_1_9' title="bbox 1 2679 1131 2994">
    <p class='ocr_par' dir='ltr' id='par_1_9' title="bbox 1 2679 1131 2994">
     <span class='ocr_line' id='line_1_20' title="bbox 6 2679 1130 2766; baseline -0.016 1"><span class='ocrx_word' id='word_1_116' title='bbox 6 2696 10 2705; x_wconf 82' lang='grc'><strong>“</strong></span> <span class='ocrx_word' id='word_1_117' title='bbox 142 2679 191 2766; x_wconf 84' lang='lat' dir='ltr'>S.</span> <span class='ocrx_word' id='word_1_118' title='bbox 217 2693 264 2765; x_wconf 91' lang='lat' dir='ltr'>D.</span> <span class='ocrx_word' id='word_1_119' title='bbox 315 2683 530 2758; x_wconf 87' lang='lat' dir='ltr'>Charissime</span> <span class='ocrx_word' id='word_1_120' title='bbox 545 2685 607 2763; x_wconf 86' lang='lat' dir='ltr'>fili,</span> <span class='ocrx_word' id='word_1_121' title='bbox 633 2681 796 2756; x_wconf 80' lang='lat' dir='ltr'>Sciebam</span> <span class='ocrx_word' id='word_1_122' title='bbox 813 2703 877 2750; x_wconf 84' lang='lat' dir='ltr'>vos</span> <span class='ocrx_word' id='word_1_123' title='bbox 893 2679 1130 2750; x_wconf 87' lang='lat' dir='ltr'>etitermeum</span> 
     </span>
     <span class='ocr_line' id='line_1_21' title="bbox 1 2775 1130 2882; baseline -0.016 -16"><span class='ocrx_word' id='word_1_124' title='bbox 1 2795 11 2840; x_wconf 87' lang='lat'>·&#39;</span> <span class='ocrx_word' id='word_1_125' title='bbox 141 2813 349 2882; x_wconf 76' lang='lat' dir='ltr'>cognoscere</span> <span class='ocrx_word' id='word_1_126' title='bbox 365 2811 510 2878; x_wconf 89' lang='lat' dir='ltr'>cupere,</span> <span class='ocrx_word' id='word_1_127' title='bbox 532 2799 565 2856; x_wconf 87' lang='lat' dir='ltr'>et</span> <span class='ocrx_word' id='word_1_128' title='bbox 582 2785 611 2854; x_wconf 93' lang='lat' dir='ltr'>si</span> <span class='ocrx_word' id='word_1_129' title='bbox 628 2784 714 2878; x_wconf 86' lang='lat' dir='ltr'>quid</span> <span class='ocrx_word' id='word_1_130' title='bbox 732 2807 773 2852; x_wconf 82' lang='lat' dir='ltr'>ex</span> <span class='ocrx_word' id='word_1_131' title='bbox 790 2795 948 2852; x_wconf 90' lang='lat' dir='ltr'>mercatu</span> <span class='ocrx_word' id='word_1_132' title='bbox 959 2775 1130 2852; x_wconf 81' lang='lat' dir='ltr'>Franco-</span> 
     </span>
     <span class='ocr_line' id='line_1_22' title="bbox 1 2881 1131 2994; baseline -0.013 -29"><span class='ocrx_word' id='word_1_133' title='bbox 1 2899 12 2942; x_wconf 54' lang='lat' dir='ltr'>s</span> <span class='ocrx_word' id='word_1_134' title='bbox 135 2889 327 2994; x_wconf 86' lang='lat' dir='ltr'>sardiensi</span> <span class='ocrx_word' id='word_1_135' title='bbox 346 2891 491 2958; x_wconf 88' lang='lat' dir='ltr'>allaturn</span> <span class='ocrx_word' id='word_1_136' title='bbox 509 2901 607 2960; x_wconf 82' lang='lat' dir='ltr'>esset.</span> <span class='ocrx_word' id='word_1_137' title='bbox 636 2883 720 2954; x_wconf 89' lang='lat' dir='ltr'>ldeo</span> <span class='ocrx_word' id='word_1_138' title='bbox 733 2883 850 2956; x_wconf 87' lang='lat' dir='ltr'>statim</span> <span class='ocrx_word' id='word_1_139' title='bbox 866 2883 911 2952; x_wconf 89' lang='lat' dir='ltr'>ad</span> <span class='ocrx_word' id='word_1_140' title='bbox 925 2905 988 2952; x_wconf 87' lang='lat' dir='ltr'>vos</span> <span class='ocrx_word' id='word_1_141' title='bbox 1002 2881 1131 2972; x_wconf 86' lang='lat' dir='ltr'>postri-</span> 
     </span>
    </p>
   </div>
   <div class='ocr_carea' id='block_1_10' title="bbox 142 2982 1129 3090">
    <p class='ocr_par' dir='ltr' id='par_1_10' title="bbox 142 2982 1129 3090">
     <span class='ocr_line' id='line_1_23' title="bbox 142 2982 1129 3090; baseline -0.015 -23"><span class='ocrx_word' id='word_1_142' title='bbox 142 2999 200 3067; x_wconf 84' lang='lat' dir='ltr'>die</span> <span class='ocrx_word' id='word_1_143' title='bbox 221 3018 326 3090; x_wconf 84' lang='lat' dir='ltr'>quam</span> <span class='ocrx_word' id='word_1_144' title='bbox 362 2987 432 3060; x_wconf 90' lang='lat' dir='ltr'>huc</span> <span class='ocrx_word' id='word_1_145' title='bbox 466 2989 569 3066; x_wconf 87' lang='lat' dir='ltr'>veni,</span> <span class='ocrx_word' id='word_1_146' title='bbox 602 2982 698 3054; x_wconf 76' lang='lat' dir='ltr'>baruc</span> <span class='ocrx_word' id='word_1_147' title='bbox 726 2985 898 3054; x_wconf 78' lang='lat' dir='ltr'>narnciuru</span> <span class='ocrx_word' id='word_1_148' title='bbox 932 2984 1015 3052; x_wconf 90' lang='lat' dir='ltr'>misi</span> <span class='ocrx_word' id='word_1_149' title='bbox 1048 3007 1129 3052; x_wconf 90' lang='lat' dir='ltr'>meo</span> 
     </span>
    </p>
   </div>
   <div class='ocr_carea' id='block_1_11' title="bbox 1 3082 1130 3186">
    <p class='ocr_par' dir='ltr' id='par_1_11' title="bbox 1 3082 1130 3186">
     <span class='ocr_line' id='line_1_24' title="bbox 1 3082 1130 3186; baseline -0.014 -17"><span class='ocrx_word' id='word_1_150' title='bbox 1 3130 2 3149; x_wconf 62' lang='lat'>.</span> <span class='ocrx_word' id='word_1_151' title='bbox 142 3114 295 3186; x_wconf 84' lang='lat' dir='ltr'>sumptu.</span> <span class='ocrx_word' id='word_1_152' title='bbox 348 3091 523 3162; x_wconf 80' lang='lat' dir='ltr'>Venimus</span> <span class='ocrx_word' id='word_1_153' title='bbox 547 3082 828 3180; x_wconf 80' lang='lat' dir='ltr'>Witehergam‚</span> <span class='ocrx_word' id='word_1_154' title='bbox 853 3087 950 3178; x_wconf 89' lang='lat' dir='ltr'>quod</span> <span class='ocrx_word' id='word_1_155' title='bbox 973 3087 1130 3154; x_wconf 76' lang='lat' dir='ltr'>faustum</span> 
     </span>
    </p>
   </div>
   <div class='ocr_carea' id='block_1_12' title="bbox 142 3183 1131 3997">
    <p class='ocr_par' dir='ltr' id='par_1_12' title="bbox 142 3183 1131 3997">
     <span class='ocr_line' id='line_1_25' title="bbox 142 3183 1131 3284; baseline -0.017 -12"><span class='ocrx_word' id='word_1_156' title='bbox 142 3215 176 3272; x_wconf 92' lang='lat' dir='ltr'>et</span> <span class='ocrx_word' id='word_1_157' title='bbox 199 3201 282 3268; x_wconf 86' lang='lat' dir='ltr'>lelix</span> <span class='ocrx_word' id='word_1_158' title='bbox 305 3197 367 3276; x_wconf 89' lang='lat' dir='ltr'>sit,</span> <span class='ocrx_word' id='word_1_159' title='bbox 400 3217 441 3262; x_wconf 91' lang='lat' dir='ltr'>eo</span> <span class='ocrx_word' id='word_1_160' title='bbox 472 3192 548 3274; x_wconf 90' lang='lat' dir='ltr'>die,</span> <span class='ocrx_word' id='word_1_161' title='bbox 582 3213 653 3284; x_wconf 92' lang='lat' dir='ltr'>quo</span> <span class='ocrx_word' id='word_1_162' title='bbox 673 3183 802 3282; x_wconf 80' lang='lat' dir='ltr'>Terga</span> <span class='ocrx_word' id='word_1_163' title='bbox 837 3185 963 3276; x_wconf 80' lang='lat' dir='ltr'>egressi</span> <span class='ocrx_word' id='word_1_164' title='bbox 998 3209 1131 3270; x_wconf 88' lang='lat' dir='ltr'>sumus,</span> 
     </span>
     <span class='ocr_line' id='line_1_26' title="bbox 144 3289 1129 3396; baseline -0.017 -24"><span class='ocrx_word' id='word_1_165' title='bbox 144 3321 345 3396; x_wconf 86' lang='lat' dir='ltr'>quanquam</span> <span class='ocrx_word' id='word_1_166' title='bbox 369 3295 424 3364; x_wconf 89' lang='lat' dir='ltr'>bis</span> <span class='ocrx_word' id='word_1_167' title='bbox 448 3293 579 3362; x_wconf 78' lang='lat' dir='ltr'>fractus</span> <span class='ocrx_word' id='word_1_168' title='bbox 599 3303 649 3360; x_wconf 89' lang='lat' dir='ltr'>est</span> <span class='ocrx_word' id='word_1_169' title='bbox 670 3311 814 3373; x_wconf 90' lang='lat' dir='ltr'>currus,</span> <span class='ocrx_word' id='word_1_170' title='bbox 845 3289 907 3358; x_wconf 89' lang='lat' dir='ltr'>sed</span> <span class='ocrx_word' id='word_1_171' title='bbox 929 3309 1050 3358; x_wconf 88' lang='lat' dir='ltr'>rursus</span> <span class='ocrx_word' id='word_1_172' title='bbox 1072 3297 1129 3356; x_wconf 92' lang='lat' dir='ltr'>ut-</span> 
     </span>
     <span class='ocr_line' id='line_1_27' title="bbox 143 3385 1131 3495; baseline -0.016 -22"><span class='ocrx_word' id='word_1_173' title='bbox 143 3424 293 3495; x_wconf 90' lang='lat' dir='ltr'>cumque</span> <span class='ocrx_word' id='word_1_174' title='bbox 311 3397 505 3484; x_wconf 85' lang='lat' dir='ltr'>colligatus.</span> <span class='ocrx_word' id='word_1_175' title='bbox 555 3390 760 3484; x_wconf 76' lang='lat' dir='ltr'>Cogitabam</span> <span class='ocrx_word' id='word_1_176' title='bbox 777 3413 849 3460; x_wconf 86' lang='lat' dir='ltr'>esse</span> <span class='ocrx_word' id='word_1_177' title='bbox 865 3385 1131 3478; x_wconf 78' lang='lat' dir='ltr'>imaginemPo-</span> 
     </span>
     <span class='ocr_line' id='line_1_28' title="bbox 144 3487 1130 3584; baseline -0.014 -12"><span class='ocrx_word' id='word_1_178' title='bbox 144 3503 299 3573; x_wconf 89' lang='lat' dir='ltr'>litiarnm</span> <span class='ocrx_word' id='word_1_179' title='bbox 324 3513 359 3568; x_wconf 90' lang='lat' dir='ltr'>et</span> <span class='ocrx_word' id='word_1_180' title='bbox 375 3493 571 3576; x_wconf 83' lang='lat' dir='ltr'>Ecclesiae,</span> <span class='ocrx_word' id='word_1_181' title='bbox 593 3493 825 3584; x_wconf 85' lang='lat' dir='ltr'>processimus</span> <span class='ocrx_word' id='word_1_182' title='bbox 849 3489 945 3560; x_wconf 89' lang='lat' dir='ltr'>euim</span> <span class='ocrx_word' id='word_1_183' title='bbox 969 3487 1047 3558; x_wconf 90' lang='lat' dir='ltr'>Deo</span> <span class='ocrx_word' id='word_1_184' title='bbox 1073 3489 1130 3558; x_wconf 90' lang='lat' dir='ltr'>iu-</span> 
     </span>
     <span class='ocr_line' id='line_1_29' title="bbox 144 3589 1129 3686; baseline -0.013 -16"><span class='ocrx_word' id='word_1_185' title='bbox 144 3617 248 3672; x_wconf 81' lang='lat' dir='ltr'>vante</span> <span class='ocrx_word' id='word_1_186' title='bbox 271 3600 375 3670; x_wconf 89' lang='lat' dir='ltr'>etiam</span> <span class='ocrx_word' id='word_1_187' title='bbox 399 3599 492 3668; x_wconf 90' lang='lat' dir='ltr'>iuter</span> <span class='ocrx_word' id='word_1_188' title='bbox 513 3591 599 3664; x_wconf 91' lang='lat' dir='ltr'>haec</span> <span class='ocrx_word' id='word_1_189' title='bbox 622 3595 886 3686; x_wconf 85' lang='lat' dir='ltr'>impedimenta.</span> <span class='ocrx_word' id='word_1_190' title='bbox 936 3589 1063 3680; x_wconf 89' lang='lat' dir='ltr'>Qualis</span> <span class='ocrx_word' id='word_1_191' title='bbox 1084 3589 1129 3658; x_wconf 93' lang='lat' dir='ltr'>sit</span> 
     </span>
     <span class='ocr_line' id='line_1_30' title="bbox 144 3687 1129 3798; baseline -0.017 -21"><span class='ocrx_word' id='word_1_192' title='bbox 144 3715 329 3798; x_wconf 90' lang='lat' dir='ltr'>tempestas</span> <span class='ocrx_word' id='word_1_193' title='bbox 344 3701 454 3769; x_wconf 88' lang='lat' dir='ltr'>vides.</span> <span class='ocrx_word' id='word_1_194' title='bbox 505 3695 589 3766; x_wconf 89' lang='lat' dir='ltr'>ldco</span> <span class='ocrx_word' id='word_1_195' title='bbox 606 3717 810 3788; x_wconf 85' lang='lat' dir='ltr'>quanquam</span> <span class='ocrx_word' id='word_1_196' title='bbox 826 3694 871 3762; x_wconf 89' lang='lat' dir='ltr'>de</span> <span class='ocrx_word' id='word_1_197' title='bbox 886 3691 944 3760; x_wconf 92' lang='lat' dir='ltr'>lue</span> <span class='ocrx_word' id='word_1_198' title='bbox 959 3687 1051 3759; x_wconf 88' lang='lat' dir='ltr'>nihil</span> <span class='ocrx_word' id='word_1_199' title='bbox 1065 3691 1129 3760; x_wconf 87' lang='lat' dir='ltr'>ad-</span> 
     </span>
     <span class='ocr_line' id='line_1_31' title="bbox 144 3789 1130 3889; baseline -0.018 -11"><span class='ocrx_word' id='word_1_200' title='bbox 144 3805 216 3880; x_wconf 88' lang='lat' dir='ltr'>huc</span> <span class='ocrx_word' id='word_1_201' title='bbox 230 3805 356 3889; x_wconf 89' lang='lat' dir='ltr'>audio,</span> <span class='ocrx_word' id='word_1_202' title='bbox 381 3813 499 3870; x_wconf 88' lang='lat' dir='ltr'>tamen</span> <span class='ocrx_word' id='word_1_203' title='bbox 519 3810 738 3887; x_wconf 83' lang='lat' dir='ltr'>expectemus</span> <span class='ocrx_word' id='word_1_204' title='bbox 753 3792 971 3864; x_wconf 87' lang='lat' dir='ltr'>Ianuarium.</span> <span class='ocrx_word' id='word_1_205' title='bbox 1022 3789 1130 3861; x_wconf 88' lang='lat' dir='ltr'>Mitto</span> 
     </span>
     <span class='ocr_line' id='line_1_32' title="bbox 144 3885 1130 3997; baseline -0.017 -19"><span class='ocrx_word' id='word_1_206' title='bbox 144 3911 244 3980; x_wconf 81' lang='lat' dir='ltr'>robis</span> <span class='ocrx_word' id='word_1_207' title='bbox 258 3908 376 3977; x_wconf 87' lang='lat' dir='ltr'>literas</span> <span class='ocrx_word' id='word_1_208' title='bbox 391 3895 436 3974; x_wconf 85' lang='lat' dir='ltr'><em>F</em></span> <span class='ocrx_word' id='word_1_209' title='bbox 430 3891 755 3997; x_wconf 84' lang='lat' dir='ltr'>rancosordianas.</span> <span class='ocrx_word' id='word_1_210' title='bbox 791 3891 938 3984; x_wconf 89' lang='lat' dir='ltr'>Scripsit</span> <span class='ocrx_word' id='word_1_211' title='bbox 954 3885 1045 3960; x_wconf 85' lang='lat' dir='ltr'>mihi</span> <span class='ocrx_word' id='word_1_212' title='bbox 1058 3893 1130 3961; x_wconf 85' lang='lat' dir='ltr'>lra-</span> 
     </span>
    </p>
   </div>
   <div class='ocr_carea' id='block_1_13' title="bbox 1 3993 1130 4096">
    <p class='ocr_par' dir='ltr' id='par_1_13' title="bbox 1 3993 1130 4096">
     <span class='ocr_line' id='line_1_33' title="bbox 1 3993 1130 4096; baseline -0.026 -6"><span class='ocrx_word' id='word_1_213' title='bbox 1 4083 6 4090; x_wconf 91' lang='lat'>.</span> <span class='ocrx_word' id='word_1_214' title='bbox 146 4027 218 4096; x_wconf 92' lang='lat' dir='ltr'>ter,</span> <span class='ocrx_word' id='word_1_215' title='bbox 241 4023 281 4080; x_wconf 91' lang='lat' dir='ltr'>nt</span> <span class='ocrx_word' id='word_1_216' title='bbox 303 4007 410 4090; x_wconf 88' lang='lat' dir='ltr'>solet,</span> <span class='ocrx_word' id='word_1_217' title='bbox 434 4015 614 4086; x_wconf 90' lang='lat' dir='ltr'>amanter,</span> <span class='ocrx_word' id='word_1_218' title='bbox 637 3997 808 4088; x_wconf 79' lang='lat' dir='ltr'>significat</span> <span class='ocrx_word' id='word_1_219' title='bbox 831 4007 976 4086; x_wconf 88' lang='lat' dir='ltr'>propter</span> <span class='ocrx_word' id='word_1_220' title='bbox 997 3993 1130 4062; x_wconf 84' lang='lat' dir='ltr'>exerci-</span> 
     </span>
    </p>
   </div>
   <div class='ocr_carea' id='block_1_14' title="bbox 719 291 1603 382">
    <p class='ocr_par' dir='ltr' id='par_1_14' title="bbox 719 291 1603 382">
     <span class='ocr_line' id='line_1_34' title="bbox 719 291 1603 382; baseline 0.014 -12"><span class='ocrx_word' id='word_1_221' title='bbox 719 291 1151 374; x_wconf 79' lang='lat' dir='ltr'>EPISTOLARUM</span> <span class='ocrx_word' id='word_1_222' title='bbox 1205 297 1419 376; x_wconf 82' lang='lat' dir='ltr'>Ltu.xt1.</span> <span class='ocrx_word' id='word_1_223' title='bbox 1474 305 1603 382; x_wconf 79' lang='lat'><strong>1652.</strong></span> 
     </span>
    </p>
   </div>
   <div class='ocr_carea' id='block_1_15' title="bbox 2009 311 2178 554">
    <p class='ocr_par' dir='ltr' id='par_1_15' title="bbox 2009 311 2178 554">
     <span class='ocr_line' id='line_1_35' title="bbox 2080 311 2178 390; baseline 0.061 -6"><span class='ocrx_word' id='word_1_224' title='bbox 2080 311 2178 390; x_wconf 80' lang='lat'>1154</span> 
     </span>
     <span class='ocr_line' id='line_1_36' title="bbox 2009 479 2176 554; baseline -0.024 0"><span class='ocrx_word' id='word_1_225' title='bbox 2009 489 2066 554; x_wconf 83' lang='lat' dir='ltr'>tr.</span> <span class='ocrx_word' id='word_1_226' title='bbox 2081 479 2176 550; x_wconf 68' lang='lat' dir='ltr'>uas.</span> 
     </span>
    </p>
   </div>
   <div class='ocr_carea' id='block_1_16' title="bbox 1998 573 2170 608">
    <p class='ocr_par' dir='ltr' id='par_1_16' title="bbox 1998 573 2170 608">
     <span class='ocr_line' id='line_1_37' title="bbox 1998 573 2170 608; baseline 0.012 -2"><span class='ocrx_word' id='word_1_227' title='bbox 1998 573 2170 608; x_wconf 58' lang='grc' dir='ltr'><strong>Μ</strong></span> 
     </span>
    </p>
   </div>
   <div class='ocr_carea' id='block_1_17' title="bbox 1183 461 1377 538">
    <p class='ocr_par' dir='ltr' id='par_1_17' title="bbox 1183 461 1377 538">
     <span class='ocr_line' id='line_1_38' title="bbox 1183 461 1377 538; baseline 0.026 -5"><span class='ocrx_word' id='word_1_228' title='bbox 1183 461 1248 535; x_wconf 90' lang='grc' dir='ltr'>Νο.</span> <span class='ocrx_word' id='word_1_229' title='bbox 1263 461 1377 538; x_wconf 68' lang='grc'>5281.</span> 
     </span>
    </p>
   </div>
   <div class='ocr_carea' id='block_1_18' title="bbox 1182 563 1382 594">
    <p class='ocr_par' dir='ltr' id='par_1_18' title="bbox 1182 563 1382 594">
     <span class='ocr_line' id='line_1_39' title="bbox 1182 563 1382 594; baseline -0.005 -4"><span class='ocrx_word' id='word_1_230' title='bbox 1182 563 1382 594; x_wconf 56' lang='grc' dir='ltr'><strong><em>Μ</em></strong></span> 
     </span>
    </p>
   </div>
   <div class='ocr_carea' id='block_1_19' title="bbox 1551 669 1808 758">
    <p class='ocr_par' dir='ltr' id='par_1_19' title="bbox 1551 669 1808 758">
     <span class='ocr_line' id='line_1_40' title="bbox 1551 669 1808 758; baseline 0.012 -3"><span class='ocrx_word' id='word_1_231' title='bbox 1551 669 1606 755; x_wconf 88' lang='grc' dir='ltr'>Ρ.</span> <span class='ocrx_word' id='word_1_232' title='bbox 1643 669 1808 758; x_wconf 81' lang='lat' dir='ltr'>Edere.</span> 
     </span>
    </p>
   </div>
   <div class='ocr_carea' id='block_1_20' title="bbox 1242 821 2175 904">
    <p class='ocr_par' dir='ltr' id='par_1_20' title="bbox 1242 821 2175 904">
     <span class='ocr_line' id='line_1_41' title="bbox 1242 821 2175 904; baseline 0.023 -29"><span class='ocrx_word' id='word_1_233' title='bbox 1242 825 1264 892; x_wconf 54' lang='grc' dir='ltr'><strong>ᾖ</strong></span> <span class='ocrx_word' id='word_1_234' title='bbox 1282 821 1319 876; x_wconf 80' lang='lat' dir='ltr'>Er</span> <span class='ocrx_word' id='word_1_235' title='bbox 1338 835 1444 896; x_wconf 76' lang='lat' dir='ltr'>autogr.</span> <span class='ocrx_word' id='word_1_236' title='bbox 1462 827 1491 880; x_wconf 86' lang='lat' dir='ltr'>iu</span> <span class='ocrx_word' id='word_1_237' title='bbox 1510 827 1575 883; x_wconf 88' lang='lat' dir='ltr'>bibl.</span> <span class='ocrx_word' id='word_1_238' title='bbox 1592 827 1706 884; x_wconf 86' lang='lat' dir='ltr'>Noriob.</span> <span class='ocrx_word' id='word_1_239' title='bbox 1724 829 1857 904; x_wconf 79' lang='lat' dir='ltr'>descripta</span> <span class='ocrx_word' id='word_1_240' title='bbox 1872 849 1887 888; x_wconf 84' lang='lat' dir='ltr'>e</span> <span class='ocrx_word' id='word_1_241' title='bbox 1904 831 2016 889; x_wconf 71' lang='lat' dir='ltr'>marias.</span> <span class='ocrx_word' id='word_1_242' title='bbox 2028 835 2175 896; x_wconf 76' lang='lat' dir='ltr'>Rannero.</span> 
     </span>
    </p>
   </div>
   <div class='ocr_carea' id='block_1_21' title="bbox 1182 971 2178 1088">
    <p class='ocr_par' dir='ltr' id='par_1_21' title="bbox 1182 971 2178 1088">
     <span class='ocr_line' id='line_1_42' title="bbox 1182 971 2178 1088; baseline 0.012 -36"><span class='ocrx_word' id='word_1_243' title='bbox 1182 971 1406 1052; x_wconf 89' lang='lat' dir='ltr'>Clarissimo</span> <span class='ocrx_word' id='word_1_244' title='bbox 1423 984 1517 1074; x_wconf 78' lang='lat' dir='ltr'>viro,</span> <span class='ocrx_word' id='word_1_245' title='bbox 1544 979 1747 1056; x_wconf 79' lang='lat' dir='ltr'>eruditione</span> <span class='ocrx_word' id='word_1_246' title='bbox 1769 995 1801 1056; x_wconf 88' lang='lat' dir='ltr'>et</span> <span class='ocrx_word' id='word_1_247' title='bbox 1820 985 1947 1059; x_wconf 81' lang='lat' dir='ltr'>virtute</span> <span class='ocrx_word' id='word_1_248' title='bbox 1966 991 2178 1088; x_wconf 80' lang='lat' dir='ltr'>praestanti</span> 
     </span>
    </p>
   </div>
   <div class='ocr_carea' id='block_1_22' title="bbox 1216 1075 2138 1188">
    <p class='ocr_par' dir='ltr' id='par_1_22' title="bbox 1216 1075 2138 1188">
     <span class='ocr_line' id='line_1_43' title="bbox 1216 1075 2138 1188; baseline 0.02 -38"><span class='ocrx_word' id='word_1_249' title='bbox 1216 1077 1270 1158; x_wconf 90' lang='lat' dir='ltr'>D.</span> <span class='ocrx_word' id='word_1_250' title='bbox 1295 1075 1447 1156; x_wconf 87' lang='lat' dir='ltr'>Paulo</span> <span class='ocrx_word' id='word_1_251' title='bbox 1472 1083 1644 1166; x_wconf 86' lang='lat' dir='ltr'>Ebero,</span> <span class='ocrx_word' id='word_1_252' title='bbox 1673 1086 1802 1186; x_wconf 81' lang='lat' dir='ltr'>fratri</span> <span class='ocrx_word' id='word_1_253' title='bbox 1825 1099 1857 1160; x_wconf 89' lang='lat' dir='ltr'>et</span> <span class='ocrx_word' id='word_1_254' title='bbox 1884 1088 2045 1188; x_wconf 74' lang='lat' dir='ltr'>collegae</span> <span class='ocrx_word' id='word_1_255' title='bbox 2069 1119 2138 1167; x_wconf 89' lang='lat' dir='ltr'>suo</span> 
     </span>
    </p>
   </div>
   <div class='ocr_carea' id='block_1_23' title="bbox 1618 1187 1746 1260">
    <p class='ocr_par' dir='ltr' id='par_1_23' title="bbox 1618 1187 1746 1260">
     <span class='ocr_line' id='line_1_44' title="bbox 1618 1187 1746 1260; baseline 0.016 -2"><span class='ocrx_word' id='word_1_256' title='bbox 1618 1187 1746 1260; x_wconf 80' lang='lat' dir='ltr'>caries.</span> 
     </span>
    </p>
   </div>
   <div class='ocr_carea' id='block_1_24' title="bbox 1183 1321 2175 2730">
    <p class='ocr_par' dir='ltr' id='par_1_24' title="bbox 1183 1321 2175 2730">
     <span class='ocr_line' id='line_1_45' title="bbox 1184 1321 2174 1416; baseline 0.008 -8"><span class='ocrx_word' id='word_1_257' title='bbox 1184 1321 1233 1408; x_wconf 81' lang='lat' dir='ltr'>S·</span> <span class='ocrx_word' id='word_1_258' title='bbox 1260 1336 1305 1408; x_wconf 91' lang='lat' dir='ltr'>D.</span> <span class='ocrx_word' id='word_1_259' title='bbox 1355 1335 1485 1410; x_wconf 84' lang='lat' dir='ltr'>Carisa.</span> <span class='ocrx_word' id='word_1_260' title='bbox 1507 1339 1627 1412; x_wconf 84' lang='lat' dir='ltr'>irater.</span> <span class='ocrx_word' id='word_1_261' title='bbox 1685 1338 1805 1410; x_wconf 89' lang='lat' dir='ltr'>Hodie</span> <span class='ocrx_word' id='word_1_262' title='bbox 1831 1341 2003 1412; x_wconf 89' lang='lat' dir='ltr'>nuncium</span> <span class='ocrx_word' id='word_1_263' title='bbox 2037 1347 2081 1414; x_wconf 91' lang='lat' dir='ltr'>ad</span> <span class='ocrx_word' id='word_1_264' title='bbox 2110 1369 2174 1416; x_wconf 87' lang='lat' dir='ltr'>vos</span> 
     </span>
     <span class='ocr_line' id='line_1_46' title="bbox 1184 1439 2173 1531; baseline 0.01 -26"><span class='ocrx_word' id='word_1_265' title='bbox 1184 1461 1262 1507; x_wconf 89' lang='lat' dir='ltr'>meo</span> <span class='ocrx_word' id='word_1_266' title='bbox 1277 1452 1421 1530; x_wconf 86' lang='lat' dir='ltr'>surnptn</span> <span class='ocrx_word' id='word_1_267' title='bbox 1443 1439 1543 1525; x_wconf 87' lang='lat' dir='ltr'>misi,</span> <span class='ocrx_word' id='word_1_268' title='bbox 1569 1441 1630 1531; x_wconf 89' lang='lat' dir='ltr'>qni</span> <span class='ocrx_word' id='word_1_269' title='bbox 1649 1441 1842 1511; x_wconf 86' lang='lat' dir='ltr'>clarissimo</span> <span class='ocrx_word' id='word_1_270' title='bbox 1859 1443 1956 1528; x_wconf 87' lang='lat' dir='ltr'>viro,</span> <span class='ocrx_word' id='word_1_271' title='bbox 1981 1443 2016 1518; x_wconf 88' lang='lat' dir='ltr'>d.</span> <span class='ocrx_word' id='word_1_272' title='bbox 2035 1445 2173 1515; x_wconf 89' lang='lat' dir='ltr'>doctori</span> 
     </span>
     <span class='ocr_line' id='line_1_47' title="bbox 1184 1532 2174 1636; baseline 0.008 -28"><span class='ocrx_word' id='word_1_273' title='bbox 1184 1532 1368 1608; x_wconf 78' lang='lat' dir='ltr'>Milichie</span> <span class='ocrx_word' id='word_1_274' title='bbox 1386 1539 1505 1609; x_wconf 89' lang='lat' dir='ltr'>literas</span> <span class='ocrx_word' id='word_1_275' title='bbox 1526 1564 1544 1608; x_wconf 93' lang='lat' dir='ltr'>a</span> <span class='ocrx_word' id='word_1_276' title='bbox 1572 1541 1681 1612; x_wconf 87' lang='lat' dir='ltr'>sratre</span> <span class='ocrx_word' id='word_1_277' title='bbox 1705 1543 1836 1626; x_wconf 81' lang='lat' dir='ltr'>adfert,</span> <span class='ocrx_word' id='word_1_278' title='bbox 1861 1567 1949 1636; x_wconf 91' lang='lat' dir='ltr'>quas</span> <span class='ocrx_word' id='word_1_279' title='bbox 1965 1547 2084 1616; x_wconf 92' lang='lat' dir='ltr'>attulit</span> <span class='ocrx_word' id='word_1_280' title='bbox 2100 1543 2174 1616; x_wconf 75' lang='lat' dir='ltr'>Sa-</span> 
     </span>
     <span class='ocr_line' id='line_1_48' title="bbox 1184 1633 2172 1736; baseline 0.009 -26"><span class='ocrx_word' id='word_1_281' title='bbox 1184 1637 1302 1723; x_wconf 87' lang='lat' dir='ltr'>muel,</span> <span class='ocrx_word' id='word_1_282' title='bbox 1332 1633 1508 1712; x_wconf 83' lang='lat' dir='ltr'>Conradi</span> <span class='ocrx_word' id='word_1_283' title='bbox 1538 1641 1711 1712; x_wconf 88' lang='lat' dir='ltr'>minister.</span> <span class='ocrx_word' id='word_1_284' title='bbox 1772 1642 2022 1733; x_wconf 77' lang='lat' dir='ltr'>Significabitis</span> <span class='ocrx_word' id='word_1_285' title='bbox 2052 1645 2172 1736; x_wconf 79' lang='lat' dir='ltr'>igitur,</span> 
     </span>
     <span class='ocr_line' id='line_1_49' title="bbox 1184 1741 2172 1841; baseline 0.006 -29"><span class='ocrx_word' id='word_1_286' title='bbox 1184 1767 1231 1812; x_wconf 89' lang='lat' dir='ltr'>au</span> <span class='ocrx_word' id='word_1_287' title='bbox 1252 1743 1313 1812; x_wconf 91' lang='lat' dir='ltr'>ille</span> <span class='ocrx_word' id='word_1_288' title='bbox 1336 1744 1489 1812; x_wconf 90' lang='lat' dir='ltr'>nuncius</span> <span class='ocrx_word' id='word_1_289' title='bbox 1510 1741 1661 1812; x_wconf 86' lang='lat' dir='ltr'>fideliter</span> <span class='ocrx_word' id='word_1_290' title='bbox 1675 1745 1868 1814; x_wconf 88' lang='lat' dir='ltr'>reddiderit</span> <span class='ocrx_word' id='word_1_291' title='bbox 1882 1745 2088 1817; x_wconf 84' lang='lat' dir='ltr'>fasciculum</span> <span class='ocrx_word' id='word_1_292' title='bbox 2103 1749 2172 1841; x_wconf 91' lang='lat' dir='ltr'>ipsi</span> 
     </span>
     <span class='ocr_line' id='line_1_50' title="bbox 1185 1841 2174 1920; baseline 0.006 -6"><span class='ocrx_word' id='word_1_293' title='bbox 1185 1845 1367 1918; x_wconf 88' lang='lat' dir='ltr'>traditum.</span> <span class='ocrx_word' id='word_1_294' title='bbox 1426 1841 1550 1914; x_wconf 86' lang='lat' dir='ltr'>Postea</span> <span class='ocrx_word' id='word_1_295' title='bbox 1579 1867 1679 1914; x_wconf 88' lang='lat' dir='ltr'>meus</span> <span class='ocrx_word' id='word_1_296' title='bbox 1716 1847 1900 1916; x_wconf 89' lang='lat' dir='ltr'>convictor</span> <span class='ocrx_word' id='word_1_297' title='bbox 1925 1841 2174 1920; x_wconf 89' lang='lat' dir='ltr'>Tilemannus</span> 
     </span>
     <span class='ocr_line' id='line_1_51' title="bbox 1186 1939 2175 2038; baseline 0.006 -24"><span class='ocrx_word' id='word_1_298' title='bbox 1186 1946 1355 2016; x_wconf 87' lang='lat' dir='ltr'>conduxit</span> <span class='ocrx_word' id='word_1_299' title='bbox 1390 1945 1566 2034; x_wconf 83' lang='lat' dir='ltr'>aurigam,</span> <span class='ocrx_word' id='word_1_300' title='bbox 1597 1945 1655 2013; x_wconf 90' lang='lat' dir='ltr'>cui</span> <span class='ocrx_word' id='word_1_301' title='bbox 1688 1939 1780 2016; x_wconf 90' lang='lat' dir='ltr'>hane</span> <span class='ocrx_word' id='word_1_302' title='bbox 1814 1945 1998 2038; x_wconf 90' lang='lat' dir='ltr'>epistolam</span> <span class='ocrx_word' id='word_1_303' title='bbox 2031 1951 2175 2038; x_wconf 90' lang='lat' dir='ltr'>tradidi,</span> 
     </span>
     <span class='ocr_line' id='line_1_52' title="bbox 1185 2043 2173 2141; baseline 0.014 -28"><span class='ocrx_word' id='word_1_304' title='bbox 1185 2046 1268 2141; x_wconf 89' lang='lat' dir='ltr'>qnia</span> <span class='ocrx_word' id='word_1_305' title='bbox 1284 2047 1405 2117; x_wconf 87' lang='lat' dir='ltr'>literae</span> <span class='ocrx_word' id='word_1_306' title='bbox 1422 2047 1576 2115; x_wconf 87' lang='lat' dir='ltr'>inclusae</span> <span class='ocrx_word' id='word_1_307' title='bbox 1592 2043 1843 2137; x_wconf 79' lang='lat' dir='ltr'>ciri‘l&#39;orgeusi</span> <span class='ocrx_word' id='word_1_308' title='bbox 1860 2048 2047 2140; x_wconf 86' lang='lat' dir='ltr'>inscriptae</span> <span class='ocrx_word' id='word_1_309' title='bbox 2063 2063 2173 2127; x_wconf 86' lang='lat' dir='ltr'>eraut.</span> 
     </span>
     <span class='ocr_line' id='line_1_53' title="bbox 1186 2143 2173 2246; baseline 0.004 -28"><span class='ocrx_word' id='word_1_310' title='bbox 1186 2145 1233 2218; x_wconf 86' lang='lat' dir='ltr'>Et</span> <span class='ocrx_word' id='word_1_311' title='bbox 1254 2149 1451 2240; x_wconf 90' lang='lat' dir='ltr'>accepimus</span> <span class='ocrx_word' id='word_1_312' title='bbox 1474 2146 1620 2232; x_wconf 92' lang='lat' dir='ltr'>deinde,</span> <span class='ocrx_word' id='word_1_313' title='bbox 1654 2149 1779 2218; x_wconf 88' lang='lat' dir='ltr'>urbem</span> <span class='ocrx_word' id='word_1_314' title='bbox 1801 2143 2002 2219; x_wconf 86' lang='lat' dir='ltr'>Metensem</span> <span class='ocrx_word' id='word_1_315' title='bbox 2035 2167 2173 2246; x_wconf 88' lang='lat' dir='ltr'>captam</span> 
     </span>
     <span class='ocr_line' id='line_1_54' title="bbox 1185 2241 2172 2346; baseline 0.006 -28"><span class='ocrx_word' id='word_1_316' title='bbox 1185 2241 1321 2342; x_wconf 75' lang='lat' dir='ltr'>esse*),</span> <span class='ocrx_word' id='word_1_317' title='bbox 1356 2263 1390 2320; x_wconf 92' lang='lat' dir='ltr'>et</span> <span class='ocrx_word' id='word_1_318' title='bbox 1420 2247 1633 2318; x_wconf 89' lang='lat' dir='ltr'>nominatim</span> <span class='ocrx_word' id='word_1_319' title='bbox 1661 2263 1822 2320; x_wconf 84' lang='lat' dir='ltr'>nostmm</span> <span class='ocrx_word' id='word_1_320' title='bbox 1854 2247 2049 2346; x_wconf 65' lang='lat' dir='ltr'>evanuerint</span> <span class='ocrx_word' id='word_1_321' title='bbox 2076 2256 2172 2346; x_wconf 84' lang='lat' dir='ltr'>apud</span> 
     </span>
     <span class='ocr_line' id='line_1_55' title="bbox 1183 2343 2173 2428; baseline 0.009 -10"><span class='ocrx_word' id='word_1_322' title='bbox 1183 2343 1385 2419; x_wconf 85' lang='lat' dir='ltr'>Relnerum</span> <span class='ocrx_word' id='word_1_323' title='bbox 1409 2351 1454 2420; x_wconf 90' lang='lat' dir='ltr'>ab</span> <span class='ocrx_word' id='word_1_324' title='bbox 1474 2343 1630 2418; x_wconf 81' lang='lat' dir='ltr'>Aeacide</span> <span class='ocrx_word' id='word_1_325' title='bbox 1658 2351 1703 2420; x_wconf 90' lang='lat' dir='ltr'>ad</span> <span class='ocrx_word' id='word_1_326' title='bbox 1727 2347 1895 2422; x_wconf 90' lang='lat' dir='ltr'>Carolum</span> <span class='ocrx_word' id='word_1_327' title='bbox 1918 2354 2065 2424; x_wconf 89' lang='lat' dir='ltr'>missum</span> <span class='ocrx_word' id='word_1_328' title='bbox 2088 2378 2173 2428; x_wconf 87' lang='lat' dir='ltr'>esse.</span> 
     </span>
     <span class='ocr_line' id='line_1_56' title="bbox 1188 2449 2173 2544; baseline 0.007 -25"><span class='ocrx_word' id='word_1_329' title='bbox 1188 2449 1286 2520; x_wconf 80' lang='lat' dir='ltr'>&#39;l&#39;uas</span> <span class='ocrx_word' id='word_1_330' title='bbox 1309 2453 1428 2522; x_wconf 91' lang='lat' dir='ltr'>literas</span> <span class='ocrx_word' id='word_1_331' title='bbox 1448 2464 1590 2544; x_wconf 86' lang='lat' dir='ltr'>expecto</span> <span class='ocrx_word' id='word_1_332' title='bbox 1612 2464 1646 2522; x_wconf 88' lang='lat' dir='ltr'>et</span> <span class='ocrx_word' id='word_1_333' title='bbox 1668 2451 1799 2542; x_wconf 75' lang='lat' dir='ltr'>llagito.</span> <span class='ocrx_word' id='word_1_334' title='bbox 1856 2449 1953 2524; x_wconf 89' lang='lat' dir='ltr'>Bene</span> <span class='ocrx_word' id='word_1_335' title='bbox 1972 2469 2007 2526; x_wconf 93' lang='lat' dir='ltr'>et</span> <span class='ocrx_word' id='word_1_336' title='bbox 2024 2455 2173 2526; x_wconf 84' lang='lat' dir='ltr'>feliciter</span> 
     </span>
     <span class='ocr_line' id='line_1_57' title="bbox 1184 2551 2173 2646; baseline 0.011 -26"><span class='ocrx_word' id='word_1_337' title='bbox 1184 2553 1271 2623; x_wconf 84' lang='lat' dir='ltr'>vale.</span> <span class='ocrx_word' id='word_1_338' title='bbox 1334 2551 1450 2624; x_wconf 85' lang='lat' dir='ltr'>Filius</span> <span class='ocrx_word' id='word_1_339' title='bbox 1474 2553 1532 2624; x_wconf 91' lang='lat' dir='ltr'>dei</span> <span class='ocrx_word' id='word_1_340' title='bbox 1558 2565 1718 2646; x_wconf 82' lang='lat' dir='ltr'>protegat</span> <span class='ocrx_word' id='word_1_341' title='bbox 1749 2577 1814 2624; x_wconf 89' lang='lat' dir='ltr'>vos</span> <span class='ocrx_word' id='word_1_342' title='bbox 1839 2567 1874 2626; x_wconf 89' lang='lat' dir='ltr'>et</span> <span class='ocrx_word' id='word_1_343' title='bbox 1899 2577 1976 2630; x_wconf 91' lang='lat' dir='ltr'>nos.</span> <span class='ocrx_word' id='word_1_344' title='bbox 2028 2557 2086 2628; x_wconf 89' lang='lat' dir='ltr'>die</span> <span class='ocrx_word' id='word_1_345' title='bbox 2113 2557 2173 2632; x_wconf 85' lang='lat' dir='ltr'>tt.</span> 
     </span>
     <span class='ocr_line' id='line_1_58' title="bbox 1184 2651 1370 2730; baseline 0.027 -6"><span class='ocrx_word' id='word_1_346' title='bbox 1184 2651 1370 2730; x_wconf 90' lang='lat' dir='ltr'>Decemhr.</span> 
     </span>
    </p>
   </div>
   <div class='ocr_carea' id='block_1_25' title="bbox 1875 2765 2123 2867">
    <p class='ocr_par' dir='ltr' id='par_1_25' title="bbox 1875 2765 2123 2867">
     <span class='ocr_line' id='line_1_59' title="bbox 1875 2765 2123 2867; baseline 0.016 -24"><span class='ocrx_word' id='word_1_347' title='bbox 1875 2847 1880 2860; x_wconf 62' lang='grc'>,</span> <span class='ocrx_word' id='word_1_348' title='bbox 1923 2765 2123 2867; x_wconf 87' lang='lat' dir='ltr'>Philippus.</span> 
     </span>
    </p>
   </div>
   <div class='ocr_carea' id='block_1_26' title="bbox 1231 2949 1809 3124">
    <p class='ocr_par' dir='ltr' id='par_1_26' title="bbox 1231 2949 1809 3124">
     <span class='ocr_line' id='line_1_60' title="bbox 1282 2949 1809 3024; baseline -0.008 0"><span class='ocrx_word' id='word_1_349' title='bbox 1282 2949 1440 3024; x_wconf 84' lang='lat' dir='ltr'>Salutem</span> <span class='ocrx_word' id='word_1_350' title='bbox 1461 2949 1556 3020; x_wconf 89' lang='lat' dir='ltr'>dices</span> <span class='ocrx_word' id='word_1_351' title='bbox 1577 2949 1665 3018; x_wconf 88' lang='lat' dir='ltr'>meis</span> <span class='ocrx_word' id='word_1_352' title='bbox 1690 2949 1809 3020; x_wconf 86' lang='lat' dir='ltr'>verbis</span> 
     </span>
     <span class='ocr_line' id='line_1_61' title="bbox 1231 3050 1796 3124; baseline 0.004 -2"><span class='ocrx_word' id='word_1_353' title='bbox 1231 3077 1328 3124; x_wconf 88' lang='lat' dir='ltr'>meae</span> <span class='ocrx_word' id='word_1_354' title='bbox 1345 3051 1502 3123; x_wconf 79' lang='lat' dir='ltr'>familiae</span> <span class='ocrx_word' id='word_1_355' title='bbox 1516 3065 1550 3122; x_wconf 90' lang='lat' dir='ltr'>et</span> <span class='ocrx_word' id='word_1_356' title='bbox 1564 3051 1643 3120; x_wconf 87' lang='lat' dir='ltr'>aliis</span> <span class='ocrx_word' id='word_1_357' title='bbox 1662 3050 1796 3124; x_wconf 90' lang='lat' dir='ltr'>amicis.</span> 
     </span>
    </p>
   </div>
   <div class='ocr_carea' id='block_1_27' title="bbox 2032 3290 2173 3306">
    <p class='ocr_par' dir='ltr' id='par_1_27' title="bbox 2032 3290 2173 3306">
     <span class='ocr_line' id='line_1_62' title="bbox 2032 3290 2173 3306; baseline 0 -4"><span class='ocrx_word' id='word_1_358' title='bbox 2032 3290 2173 3306; x_wconf 39' lang='grc' dir='ltr'>ἡ</span> 
     </span>
    </p>
   </div>
   <div class='ocr_carea' id='block_1_28' title="bbox 1198 3443 1391 3522">
    <p class='ocr_par' dir='ltr' id='par_1_28' title="bbox 1198 3443 1391 3522">
     <span class='ocr_line' id='line_1_63' title="bbox 1198 3443 1391 3522; baseline 0.01 -2"><span class='ocrx_word' id='word_1_359' title='bbox 1198 3446 1265 3520; x_wconf 85' lang='grc' dir='ltr'>Νο.</span> <span class='ocrx_word' id='word_1_360' title='bbox 1279 3443 1391 3522; x_wconf 80' lang='lat'><strong>5285.</strong></span> 
     </span>
    </p>
   </div>
   <div class='ocr_carea' id='block_1_29' title="bbox 1187 3543 1400 3582">
    <p class='ocr_par' dir='ltr' id='par_1_29' title="bbox 1187 3543 1400 3582">
     <span class='ocr_line' id='line_1_64' title="bbox 1187 3543 1400 3582; baseline 0.014 -4"><span class='ocrx_word' id='word_1_361' title='bbox 1187 3543 1400 3582; x_wconf 51' lang='lat' dir='ltr'><em>m</em></span> 
     </span>
    </p>
   </div>
   <div class='ocr_carea' id='block_1_30' title="bbox 2003 3451 2171 3522">
    <p class='ocr_par' dir='ltr' id='par_1_30' title="bbox 2003 3451 2171 3522">
     <span class='ocr_line' id='line_1_65' title="bbox 2003 3451 2171 3522; baseline 0 0"><span class='ocrx_word' id='word_1_362' title='bbox 2003 3461 2059 3522; x_wconf 88' lang='grc'>18.</span> <span class='ocrx_word' id='word_1_363' title='bbox 2075 3451 2171 3522; x_wconf 81' lang='lat' dir='ltr'>Desb.</span> 
     </span>
    </p>
   </div>
   <div class='ocr_carea' id='block_1_31' title="bbox 1922 3543 2164 3584">
    <p class='ocr_par' dir='ltr' id='par_1_31' title="bbox 1922 3543 2164 3584">
     <span class='ocr_line' id='line_1_66' title="bbox 1922 3543 2164 3584; baseline 0.004 -10"><span class='ocrx_word' id='word_1_364' title='bbox 1922 3555 1938 3584; x_wconf 64' lang='grc' dir='ltr'><em>ρ</em></span> <span class='ocrx_word' id='word_1_365' title='bbox 1994 3543 2164 3576; x_wconf 54' lang='lat' dir='ltr'>m</span> 
     </span>
    </p>
   </div>
   <div class='ocr_carea' id='block_1_32' title="bbox 1250 3643 2022 3880">
    <p class='ocr_par' dir='ltr' id='par_1_32' title="bbox 1250 3643 2022 3880">
     <span class='ocr_line' id='line_1_67' title="bbox 1535 3643 1819 3734; baseline -0.021 0"><span class='ocrx_word' id='word_1_366' title='bbox 1535 3645 1582 3734; x_wconf 81' lang='lat' dir='ltr'>G.</span> <span class='ocrx_word' id='word_1_367' title='bbox 1605 3643 1819 3732; x_wconf 74' lang='lat' dir='ltr'>Parcere.</span> 
     </span>
     <span class='ocr_line' id='line_1_68' title="bbox 1250 3795 2022 3880; baseline -0.006 -19"><span class='ocrx_word' id='word_1_368' title='bbox 1250 3805 1336 3880; x_wconf 74' lang='lat' dir='ltr'>Epist.</span> <span class='ocrx_word' id='word_1_369' title='bbox 1347 3803 1395 3862; x_wconf 92' lang='lat' dir='ltr'>lib.</span> <span class='ocrx_word' id='word_1_370' title='bbox 1409 3803 1442 3860; x_wconf 92' lang='lat' dir='ltr'>ll.</span> <span class='ocrx_word' id='word_1_371' title='bbox 1455 3821 1483 3877; x_wconf 81' lang='lat' dir='ltr'>p.</span> <span class='ocrx_word' id='word_1_372' title='bbox 1495 3801 1594 3876; x_wconf 74' lang='lat' dir='ltr'>lodeq.</span> <span class='ocrx_word' id='word_1_373' title='bbox 1612 3801 1667 3872; x_wconf 81' lang='lat' dir='ltr'>(ed.</span> <span class='ocrx_word' id='word_1_374' title='bbox 1678 3797 1764 3860; x_wconf 75' lang='lat' dir='ltr'>lond.</span> <span class='ocrx_word' id='word_1_375' title='bbox 1777 3797 1824 3855; x_wconf 79' lang='lat' dir='ltr'>lib.</span> <span class='ocrx_word' id='word_1_376' title='bbox 1835 3795 1870 3854; x_wconf 91' lang='lat' dir='ltr'>ll.</span> <span class='ocrx_word' id='word_1_377' title='bbox 1884 3815 1927 3870; x_wconf 83' lang='lat' dir='ltr'>ep.</span> <span class='ocrx_word' id='word_1_378' title='bbox 1938 3797 2022 3868; x_wconf 61' lang='lat' dir='ltr'>lib).</span> 
     </span>
    </p>
   </div>
   <div class='ocr_carea' id='block_1_33' title="bbox 1421 3949 1937 4056">
    <p class='ocr_par' dir='ltr' id='par_1_33' title="bbox 1421 3949 1937 4056">
     <span class='ocr_line' id='line_1_69' title="bbox 1421 3949 1937 4056; baseline -0.008 -26"><span class='ocrx_word' id='word_1_379' title='bbox 1421 3955 1474 4036; x_wconf 87' lang='lat' dir='ltr'>D.</span> <span class='ocrx_word' id='word_1_380' title='bbox 1501 3951 1714 4056; x_wconf 87' lang='lat' dir='ltr'>Caspare</span> <span class='ocrx_word' id='word_1_381' title='bbox 1739 3949 1937 4026; x_wconf 87' lang='lat' dir='ltr'>Peueero</span> 
     </span>
    </p>
   </div>
   <div class='ocr_carea' id='block_1_34' title="bbox 146 4090 2170 4400">
    <p class='ocr_par' dir='ltr' id='par_1_34' title="bbox 146 4090 2170 4400">
     <span class='ocr_line' id='line_1_70' title="bbox 146 4090 2170 4193; baseline -0.014 -9"><span class='ocrx_word' id='word_1_382' title='bbox 146 4110 551 4184; x_wconf 85' lang='lat' dir='ltr'>tusvirinosaunonam</span> <span class='ocrx_word' id='word_1_383' title='bbox 574 4097 912 4174; x_wconf 83' lang='lat' dir='ltr'>fieridilliciliorem.</span> <span class='ocrx_word' id='word_1_384' title='bbox 961 4090 1034 4164; x_wconf 87' lang='lat' dir='ltr'>Sed</span> <span class='ocrx_word' id='word_1_385' title='bbox 1055 4117 1132 4162; x_wconf 90' lang='lat' dir='ltr'>rua-</span> <span class='ocrx_word' id='word_1_386' title='bbox 1183 4093 1231 4184; x_wconf 75' lang='lat' dir='ltr'>S,</span> <span class='ocrx_word' id='word_1_387' title='bbox 1257 4103 1303 4180; x_wconf 69' lang='lat' dir='ltr'>D,</span> <span class='ocrx_word' id='word_1_388' title='bbox 1353 4101 1647 4190; x_wconf 51' lang='lat' dir='ltr'>charissimam</span> <span class='ocrx_word' id='word_1_389' title='bbox 1672 4095 2170 4193; x_wconf 57' lang='lat' dir='ltr'>sperohodievoraccepim</span> 
     </span>
     <span class='ocr_line' id='line_1_71' title="bbox 146 4187 2169 4312; baseline -0.005 -28"><span class='ocrx_word' id='word_1_390' title='bbox 146 4235 250 4300; x_wconf 75' lang='lat' dir='ltr'>guent</span> <span class='ocrx_word' id='word_1_391' title='bbox 276 4231 351 4279; x_wconf 69' lang='lat' dir='ltr'>esee</span> <span class='ocrx_word' id='word_1_392' title='bbox 372 4207 596 4276; x_wconf 68' lang='lat' dir='ltr'>autoritatem</span> <span class='ocrx_word' id='word_1_393' title='bbox 619 4203 712 4294; x_wconf 60' lang='lat' dir='ltr'>apud</span> <span class='ocrx_word' id='word_1_394' title='bbox 735 4189 916 4269; x_wconf 60' lang='lat' dir='ltr'>Catillum</span> <span class='ocrx_word' id='word_1_395' title='bbox 939 4187 1131 4312; x_wconf 60' lang='lat' dir='ltr'>Asslfcldffss·</span> <span class='ocrx_word' id='word_1_396' title='bbox 1183 4197 1748 4310; x_wconf 77' lang='lat' dir='ltr'>Francosordianasliteras”).</span> <span class='ocrx_word' id='word_1_397' title='bbox 1799 4195 2169 4298; x_wconf 74' lang='lat' dir='ltr'>Nuuccthuncuuu-</span> 
     </span>
     <span class='ocr_line' id='line_1_72' title="bbox 146 4297 2170 4400; baseline -0.014 -13"><span class='ocrx_word' id='word_1_398' title='bbox 146 4313 319 4388; x_wconf 87' lang='lat' dir='ltr'>Danicarn</span> <span class='ocrx_word' id='word_1_399' title='bbox 343 4307 528 4400; x_wconf 85' lang='lat' dir='ltr'>pecuniam</span> <span class='ocrx_word' id='word_1_400' title='bbox 561 4303 691 4396; x_wconf 74' lang='lat' dir='ltr'>accepi.</span> <span class='ocrx_word' id='word_1_401' title='bbox 749 4298 875 4372; x_wconf 92' lang='lat' dir='ltr'>Scribo</span> <span class='ocrx_word' id='word_1_402' title='bbox 910 4297 1054 4365; x_wconf 84' lang='lat' dir='ltr'>brevrus</span> <span class='ocrx_word' id='word_1_403' title='bbox 1087 4307 1130 4366; x_wconf 91' lang='lat' dir='ltr'>ut</span> <span class='ocrx_word' id='word_1_404' title='bbox 1183 4313 1278 4384; x_wconf 64' lang='lat' dir='ltr'>cium</span> <span class='ocrx_word' id='word_1_405' title='bbox 1300 4335 1379 4380; x_wconf 60' lang='lat' dir='ltr'>meo</span> <span class='ocrx_word' id='word_1_406' title='bbox 1401 4323 1543 4400; x_wconf 58' lang='lat' dir='ltr'>sumptu</span> <span class='ocrx_word' id='word_1_407' title='bbox 1565 4303 2170 4397; x_wconf 64' lang='lat' dir='ltr'>m5110‚quiv0bisaffefef2mnr</span> 
     </span>
    </p>
   </div>
   <div class='ocr_carea' id='block_1_35' title="bbox 1 4393 2173 4596">
    <p class='ocr_par' dir='ltr' id='par_1_35' title="bbox 1 4393 2173 4596">
     <span class='ocr_line' id='line_1_73' title="bbox 1 4393 2173 4496; baseline -0.006 -7"><span class='ocrx_word' id='word_1_408' title='bbox 1 4446 2 4460; x_wconf 55' lang='lat'>¹</span> <span class='ocrx_word' id='word_1_409' title='bbox 148 4439 230 4486; x_wconf 81' lang='lat' dir='ltr'>mox</span> <span class='ocrx_word' id='word_1_410' title='bbox 254 4411 351 4482; x_wconf 75' lang='lat' dir='ltr'>abire</span> <span class='ocrx_word' id='word_1_411' title='bbox 375 4405 528 4478; x_wconf 63' lang='lat' dir='ltr'>numine</span> <span class='ocrx_word' id='word_1_412' title='bbox 549 4407 672 4496; x_wconf 85' lang='lat' dir='ltr'>possit.</span> <span class='ocrx_word' id='word_1_413' title='bbox 723 4395 801 4470; x_wconf 71' lang='lat'>0¹⁰</span> <span class='ocrx_word' id='word_1_414' title='bbox 824 4397 958 4468; x_wconf 66' lang='lat' dir='ltr'>fillum</span> <span class='ocrx_word' id='word_1_415' title='bbox 977 4393 1132 4467; x_wconf 52' lang='lat' dir='ltr'>Dein*</span> <span class='ocrx_word' id='word_1_416' title='bbox 1183 4411 1473 4484; x_wconf 84' lang='lat' dir='ltr'>vitulidouatum</span> <span class='ocrx_word' id='word_1_417' title='bbox 1489 4397 2173 4483; x_wconf 87' lang='lat' dir='ltr'>mihiabbonestissirnoseue,Basilio</span> 
     </span>
     <span class='ocr_line' id='line_1_74' title="bbox 1 4497 2170 4596; baseline -0.009 -16"><span class='ocrx_word' id='word_1_418' title='bbox 1 4577 2 4580; x_wconf 74' lang='grc'>,</span> <span class='ocrx_word' id='word_1_419' title='bbox 147 4517 284 4586; x_wconf 91' lang='lat' dir='ltr'>minum</span> <span class='ocrx_word' id='word_1_420' title='bbox 307 4503 596 4582; x_wconf 90' lang='lat' dir='ltr'>nostrumlesuro</span> <span class='ocrx_word' id='word_1_421' title='bbox 609 4499 812 4584; x_wconf 87' lang='lat' dir='ltr'>Christum,</span> <span class='ocrx_word' id='word_1_422' title='bbox 837 4497 1041 4568; x_wconf 82' lang='lat' dir='ltr'>crucifixum</span> <span class='ocrx_word' id='word_1_423' title='bbox 1067 4521 1132 4588; x_wconf 90' lang='lat' dir='ltr'>pro</span> <span class='ocrx_word' id='word_1_424' title='bbox 1185 4503 1392 4586; x_wconf 59' lang='lat' dir='ltr'>Mundam,</span> <span class='ocrx_word' id='word_1_425' title='bbox 1444 4507 1560 4580; x_wconf 63' lang='lat' dir='ltr'>Malui</span> <span class='ocrx_word' id='word_1_426' title='bbox 1586 4507 1687 4576; x_wconf 55' lang='lat' dir='ltr'>vobis</span> <span class='ocrx_word' id='word_1_427' title='bbox 1709 4503 1866 4584; x_wconf 70' lang='lat' dir='ltr'>mittere,</span> <span class='ocrx_word' id='word_1_428' title='bbox 1893 4526 2000 4596; x_wconf 70' lang='lat' dir='ltr'>quam</span> <span class='ocrx_word' id='word_1_429' title='bbox 2022 4498 2081 4574; x_wconf 67' lang='lat' dir='ltr'>hic</span> <span class='ocrx_word' id='word_1_430' title='bbox 2105 4505 2170 4575; x_wconf 64' lang='lat' dir='ltr'>ab.</span> 
     </span>
    </p>
   </div>
   <div class='ocr_carea' id='block_1_36' title="bbox 148 4599 2170 5592">
    <p class='ocr_par' dir='ltr' id='par_1_36' title="bbox 148 4599 2170 5202">
     <span class='ocr_line' id='line_1_75' title="bbox 148 4599 2170 4703; baseline -0.022 -17"><span class='ocrx_word' id='word_1_431' title='bbox 148 4617 253 4687; x_wconf 91' lang='lat' dir='ltr'>nobis</span> <span class='ocrx_word' id='word_1_432' title='bbox 268 4627 301 4684; x_wconf 90' lang='lat' dir='ltr'>et</span> <span class='ocrx_word' id='word_1_433' title='bbox 325 4607 587 4686; x_wconf 84' lang='lat' dir='ltr'>resuscitatum,</span> <span class='ocrx_word' id='word_1_434' title='bbox 613 4617 653 4672; x_wconf 92' lang='lat' dir='ltr'>ut</span> <span class='ocrx_word' id='word_1_435' title='bbox 674 4627 736 4670; x_wconf 87' lang='lat' dir='ltr'>vos</span> <span class='ocrx_word' id='word_1_436' title='bbox 752 4623 876 4668; x_wconf 86' lang='lat' dir='ltr'>ornnes</span> <span class='ocrx_word' id='word_1_437' title='bbox 895 4611 1009 4668; x_wconf 85' lang='lat' dir='ltr'>servet</span> <span class='ocrx_word' id='word_1_438' title='bbox 1034 4599 1133 4666; x_wconf 91' lang='lat' dir='ltr'>inco-</span> <span class='ocrx_word' id='word_1_439' title='bbox 1185 4637 1345 4698; x_wconf 59' lang='lat' dir='ltr'>mmm,</span> <span class='ocrx_word' id='word_1_440' title='bbox 1375 4623 1414 4681; x_wconf 68' lang='lat' dir='ltr'>m</span> <span class='ocrx_word' id='word_1_441' title='bbox 1437 4623 1525 4680; x_wconf 56' lang='lat' dir='ltr'>met</span> <span class='ocrx_word' id='word_1_442' title='bbox 1539 4601 1691 4703; x_wconf 65' lang='grc' dir='ltr'><em>ἀφορμὴ</em></span> <span class='ocrx_word' id='word_1_443' title='bbox 1712 4603 1972 4676; x_wconf 47' lang='lat' dir='ltr'>admittendum</span> <span class='ocrx_word' id='word_1_444' title='bbox 1987 4605 2170 4690; x_wconf 52' lang='lat' dir='ltr'>nundum,</span> 
     </span>
     <span class='ocr_line' id='line_1_76' title="bbox 151 4694 2170 4798; baseline -0.016 9"><span class='ocrx_word' id='word_1_445' title='bbox 151 4721 273 4788; x_wconf 90' lang='lat' dir='ltr'>lumes.</span> <span class='ocrx_word' id='word_1_446' title='bbox 324 4711 481 4782; x_wconf 58' lang='lat' dir='ltr'>sillum</span> <span class='ocrx_word' id='word_1_447' title='bbox 505 4717 589 4798; x_wconf 68' lang='lat'><strong>⁰9¹⁰</strong></span> <span class='ocrx_word' id='word_1_448' title='bbox 610 4705 656 4774; x_wconf 83' lang='lat' dir='ltr'>D·</span> <span class='ocrx_word' id='word_1_449' title='bbox 678 4699 810 4772; x_wconf 69' lang='lat' dir='ltr'><em>1⁰⁶⁰b⁰</em></span> <span class='ocrx_word' id='word_1_450' title='bbox 832 4694 1033 4782; x_wconf 55' lang='grc' dir='ltr'><em>Μ’Ἱῖώῖθ,</em></span> <span class='ocrx_word' id='word_1_451' title='bbox 1057 4697 1130 4770; x_wconf 81' lang='lat' dir='ltr'>D0·</span> <span class='ocrx_word' id='word_1_452' title='bbox 1185 4743 1225 4787; x_wconf 91' lang='lat' dir='ltr'>ac</span> <span class='ocrx_word' id='word_1_453' title='bbox 1247 4711 1450 4785; x_wconf 85' lang='lat' dir='ltr'>utavobis</span> <span class='ocrx_word' id='word_1_454' title='bbox 1476 4709 1595 4778; x_wconf 89' lang='lat' dir='ltr'>literas</span> <span class='ocrx_word' id='word_1_455' title='bbox 1617 4703 1794 4777; x_wconf 88' lang='lat' dir='ltr'>haberem.</span> <span class='ocrx_word' id='word_1_456' title='bbox 1845 4701 2170 4776; x_wconf 86' lang='lat' dir='ltr'>Petoutrescribas</span> 
     </span>
     <span class='ocr_line' id='line_1_77' title="bbox 149 4795 2170 4912; baseline -0.016 -3"><span class='ocrx_word' id='word_1_457' title='bbox 149 4819 237 4890; x_wconf 65' lang='lat'>‘¹⁰¹3</span> <span class='ocrx_word' id='word_1_458' title='bbox 253 4801 541 4903; x_wconf 60' lang='lat' dir='ltr'>Chfl⁸¹⁰ll⁸⁰l⁰v</span> <span class='ocrx_word' id='word_1_459' title='bbox 564 4803 608 4878; x_wconf 75' lang='lat' dir='ltr'>D·</span> <span class='ocrx_word' id='word_1_460' title='bbox 630 4795 818 4909; x_wconf 56' lang='lat' dir='ltr'>1⁰⁰⁶l¹¹ln⁰</span> <span class='ocrx_word' id='word_1_461' title='bbox 834 4797 1070 4896; x_wconf 67' lang='grc' dir='ltr'>ΜΥΓΟΡΟῙῘΟ.</span> <span class='ocrx_word' id='word_1_462' title='bbox 1090 4798 1132 4871; x_wconf 79' lang='lat' dir='ltr'>D·</span> <span class='ocrx_word' id='word_1_463' title='bbox 1185 4805 1598 4912; x_wconf 82' lang='lat' dir='ltr'>anFrancosurdianas</span> <span class='ocrx_word' id='word_1_464' title='bbox 1624 4807 1743 4878; x_wconf 86' lang='lat' dir='ltr'>literas</span> <span class='ocrx_word' id='word_1_465' title='bbox 1763 4804 1974 4894; x_wconf 84' lang='lat' dir='ltr'>acceperitis.</span> <span class='ocrx_word' id='word_1_466' title='bbox 2028 4803 2170 4877; x_wconf 84' lang='lat' dir='ltr'>lnbebis</span> 
     </span>
     <span class='ocr_line' id='line_1_78' title="bbox 150 4897 2169 5014; baseline -0.022 -26"><span class='ocrx_word' id='word_1_467' title='bbox 150 4911 325 5014; x_wconf 80' lang='lat' dir='ltr'>Syndieo.</span> <span class='ocrx_word' id='word_1_468' title='bbox 382 4909 422 4982; x_wconf 89' lang='lat' dir='ltr'>Si</span> <span class='ocrx_word' id='word_1_469' title='bbox 446 4909 532 5002; x_wconf 90' lang='lat' dir='ltr'>quid</span> <span class='ocrx_word' id='word_1_470' title='bbox 556 4905 678 4976; x_wconf 87' lang='lat' dir='ltr'>audies</span> <span class='ocrx_word' id='word_1_471' title='bbox 700 4927 740 4972; x_wconf 85' lang='lat' dir='ltr'>ex</span> <span class='ocrx_word' id='word_1_472' title='bbox 768 4897 958 4972; x_wconf 84' lang='lat' dir='ltr'>Iearhimo</span> <span class='ocrx_word' id='word_1_473' title='bbox 978 4903 1022 4970; x_wconf 89' lang='lat' dir='ltr'>de</span> <span class='ocrx_word' id='word_1_474' title='bbox 1043 4901 1133 4989; x_wconf 85' lang='lat' dir='ltr'>Rep.</span> <span class='ocrx_word' id='word_1_475' title='bbox 1188 4931 1221 4988; x_wconf 46' lang='grc' dir='ltr'>εἰ</span> <span class='ocrx_word' id='word_1_476' title='bbox 1237 4911 1401 4986; x_wconf 59' lang='lat' dir='ltr'>pamm</span> <span class='ocrx_word' id='word_1_477' title='bbox 1427 4913 1590 4982; x_wconf 55' lang='lat' dir='ltr'>scribere,</span> <span class='ocrx_word' id='word_1_478' title='bbox 1644 4901 1744 4979; x_wconf 53' lang='lat'>13212</span> <span class='ocrx_word' id='word_1_479' title='bbox 1767 4897 1959 5002; x_wconf 55' lang='grc' dir='ltr'><em>ἀξιόλογον</em></span> <span class='ocrx_word' id='word_1_480' title='bbox 1981 4901 2095 4996; x_wconf 54' lang='lat' dir='ltr'>epm,</span> <span class='ocrx_word' id='word_1_481' title='bbox 2122 4909 2169 4976; x_wconf 54' lang='lat' dir='ltr'>si,</span> 
     </span>
     <span class='ocr_line' id='line_1_79' title="bbox 150 4999 2170 5111; baseline -0.005 -21"><span class='ocrx_word' id='word_1_482' title='bbox 150 5019 318 5110; x_wconf 77' lang='lat' dir='ltr'>significa.</span> <span class='ocrx_word' id='word_1_483' title='bbox 377 5009 476 5080; x_wconf 88' lang='lat' dir='ltr'>Beue</span> <span class='ocrx_word' id='word_1_484' title='bbox 497 5009 575 5078; x_wconf 83' lang='lat' dir='ltr'>vale</span> <span class='ocrx_word' id='word_1_485' title='bbox 605 5021 638 5078; x_wconf 90' lang='lat' dir='ltr'>et</span> <span class='ocrx_word' id='word_1_486' title='bbox 662 5005 824 5076; x_wconf 86' lang='lat' dir='ltr'>rescribe.</span> <span class='ocrx_word' id='word_1_487' title='bbox 889 5003 955 5072; x_wconf 91' lang='lat' dir='ltr'>Die</span> <span class='ocrx_word' id='word_1_488' title='bbox 980 5003 1038 5074; x_wconf 81' lang='lat'>17.</span> <span class='ocrx_word' id='word_1_489' title='bbox 1062 4999 1135 5071; x_wconf 86' lang='lat' dir='ltr'>De-</span> <span class='ocrx_word' id='word_1_490' title='bbox 1186 5019 1356 5111; x_wconf 46' lang='lat' dir='ltr'>gnificat&amp;</span> <span class='ocrx_word' id='word_1_491' title='bbox 1407 5011 1564 5086; x_wconf 87' lang='lat' dir='ltr'>Hichi</span> <span class='ocrx_word' id='word_1_492' title='bbox 1587 5001 2014 5102; x_wconf 67' lang='lat' dir='ltr'>beneficioeeipnttiueet.</span> <span class='ocrx_word' id='word_1_493' title='bbox 2065 5007 2170 5081; x_wconf 87' lang='lat' dir='ltr'>Salu-</span> 
     </span>
     <span class='ocr_line' id='line_1_80' title="bbox 150 5097 1135 5202; baseline -0.021 -10"><span class='ocrx_word' id='word_1_494' title='bbox 150 5119 316 5200; x_wconf 81' lang='lat' dir='ltr'>eembris,</span> <span class='ocrx_word' id='word_1_495' title='bbox 347 5105 596 5202; x_wconf 74' lang='lat' dir='ltr'>Wrtebergae.</span> <span class='ocrx_word' id='word_1_496' title='bbox 648 5102 791 5202; x_wconf 71' lang='lat' dir='ltr'>pitane</span> <span class='ocrx_word' id='word_1_497' title='bbox 813 5105 858 5194; x_wconf 77' lang='grc' dir='ltr'>τῇ</span> <span class='ocrx_word' id='word_1_498' title='bbox 874 5097 1040 5200; x_wconf 77' lang='grc' dir='ltr'><strong><em>θυγατρί</em></strong></span> <span class='ocrx_word' id='word_1_499' title='bbox 1065 5121 1135 5172; x_wconf 84' lang='grc' dir='ltr'>σου</span> 
     </span>
    </p>

    <p class='ocr_par' dir='ltr' id='par_1_37' title="bbox 151 5199 1136 5506">
     <span class='ocr_line' id='line_1_81' title="bbox 152 5199 1136 5296; baseline -0.021 -3"><span class='ocrx_word' id='word_1_500' title='bbox 152 5246 230 5296; x_wconf 69' lang='lat' dir='ltr'>enea»</span> <span class='ocrx_word' id='word_1_501' title='bbox 254 5213 420 5296; x_wconf 76' lang='lat' dir='ltr'>tramine,</span> <span class='ocrx_word' id='word_1_502' title='bbox 439 5227 475 5282; x_wconf 89' lang='lat' dir='ltr'>et</span> <span class='ocrx_word' id='word_1_503' title='bbox 496 5211 617 5280; x_wconf 81' lang='lat' dir='ltr'>filiolo.</span> <span class='ocrx_word' id='word_1_504' title='bbox 666 5205 873 5277; x_wconf 85' lang='lat' dir='ltr'>Clarissimo</span> <span class='ocrx_word' id='word_1_505' title='bbox 894 5205 970 5270; x_wconf 86' lang='lat' dir='ltr'>viro</span> <span class='ocrx_word' id='word_1_506' title='bbox 992 5200 1037 5272; x_wconf 89' lang='lat' dir='ltr'>D.</span> <span class='ocrx_word' id='word_1_507' title='bbox 1061 5199 1136 5272; x_wconf 84' lang='lat' dir='ltr'>Du-</span> 
     </span>
     <span class='ocr_line' id='line_1_82' title="bbox 151 5297 1136 5394; baseline -0.02 0"><span class='ocrx_word' id='word_1_508' title='bbox 151 5321 239 5394; x_wconf 89' lang='lat' dir='ltr'>ctori</span> <span class='ocrx_word' id='word_1_509' title='bbox 253 5305 434 5384; x_wconf 77' lang='lat' dir='ltr'>Milichie</span> <span class='ocrx_word' id='word_1_510' title='bbox 450 5305 613 5380; x_wconf 82' lang='lat' dir='ltr'>exhibeto</span> <span class='ocrx_word' id='word_1_511' title='bbox 630 5307 747 5378; x_wconf 76' lang='lat' dir='ltr'>fratris</span> <span class='ocrx_word' id='word_1_512' title='bbox 770 5321 804 5376; x_wconf 89' lang='lat' dir='ltr'>et</span> <span class='ocrx_word' id='word_1_513' title='bbox 819 5297 995 5374; x_wconf 76' lang='lat' dir='ltr'>Carneadi</span> <span class='ocrx_word' id='word_1_514' title='bbox 1007 5303 1136 5374; x_wconf 87' lang='lat' dir='ltr'>literas.</span> 
     </span>
     <span class='ocr_line' id='line_1_83' title="bbox 154 5405 898 5506; baseline -0.023 -12"><span class='ocrx_word' id='word_1_515' title='bbox 154 5423 323 5494; x_wconf 69' lang='lat' dir='ltr'>auterno</span> <span class='ocrx_word' id='word_1_516' title='bbox 338 5408 474 5506; x_wconf 67' lang='lat' dir='ltr'>datter</span> <span class='ocrx_word' id='word_1_517' title='bbox 488 5413 532 5480; x_wconf 89' lang='lat' dir='ltr'>de</span> <span class='ocrx_word' id='word_1_518' title='bbox 550 5411 621 5480; x_wconf 84' lang='lat' dir='ltr'>vita</span> <span class='ocrx_word' id='word_1_519' title='bbox 636 5405 898 5498; x_wconf 71' lang='lat' dir='ltr'>Apostolorum</span> 
     </span>
    </p>

    <p class='ocr_par' dir='ltr' id='par_1_38' title="bbox 206 5511 729 5592">
     <span class='ocr_line' id='line_1_84' title="bbox 206 5511 729 5592; baseline -0.019 -2"><span class='ocrx_word' id='word_1_520' title='bbox 206 5527 384 5592; x_wconf 77' lang='lat' dir='ltr'>blruerrrr.</span> <span class='ocrx_word' id='word_1_521' title='bbox 410 5517 514 5584; x_wconf 81' lang='lat' dir='ltr'>Oeen.</span> <span class='ocrx_word' id='word_1_522' title='bbox 541 5515 626 5581; x_wconf 83' lang='lat' dir='ltr'>Vor..</span> <span class='ocrx_word' id='word_1_523' title='bbox 654 5511 729 5580; x_wconf 84' lang='lat' dir='ltr'>Vll.</span> 
     </span>
    </p>
   </div>
   <div class='ocr_carea' id='block_1_37' title="bbox 1221 5259 2171 5397">
    <p class='ocr_par' dir='ltr' id='par_1_39' title="bbox 1221 5259 2171 5397">
     <span class='ocr_line' id='line_1_85' title="bbox 1221 5259 2171 5340; baseline -0.015 -9"><span class='ocrx_word' id='word_1_524' title='bbox 1221 5277 1253 5340; x_wconf 76' lang='lat'>⁸)</span> <span class='ocrx_word' id='word_1_525' title='bbox 1273 5273 1365 5330; x_wconf 80' lang='lat' dir='ltr'>Falsus</span> <span class='ocrx_word' id='word_1_526' title='bbox 1391 5287 1503 5334; x_wconf 69' lang='lat' dir='ltr'>rumora</span> <span class='ocrx_word' id='word_1_527' title='bbox 1531 5267 1630 5322; x_wconf 83' lang='lat' dir='ltr'>etenira</span> <span class='ocrx_word' id='word_1_528' title='bbox 1655 5283 1748 5320; x_wconf 79' lang='lat' dir='ltr'>mense</span> <span class='ocrx_word' id='word_1_529' title='bbox 1771 5261 2103 5319; x_wconf 71' lang='lat' dir='ltr'>emarcuerunt</span> <span class='ocrx_word' id='word_1_530' title='bbox 2126 5259 2171 5320; x_wconf 83' lang='lat' dir='ltr'>illa</span> 
     </span>
     <span class='ocr_line' id='line_1_86' title="bbox 1258 5341 1665 5397; baseline -0.025 0"><span class='ocrx_word' id='word_1_531' title='bbox 1258 5344 1325 5397; x_wconf 84' lang='lat' dir='ltr'>urbe</span> <span class='ocrx_word' id='word_1_532' title='bbox 1337 5341 1475 5396; x_wconf 81' lang='lat' dir='ltr'>discedere</span> <span class='ocrx_word' id='word_1_533' title='bbox 1488 5347 1598 5394; x_wconf 67' lang='lat' dir='ltr'>mador</span> <span class='ocrx_word' id='word_1_534' title='bbox 1615 5343 1665 5388; x_wconf 87' lang='lat' dir='ltr'>est.</span> 
     </span>
    </p>
   </div>
   <div class='ocr_carea' id='block_1_38' title="bbox 1221 5417 1630 5564">
    <p class='ocr_par' dir='ltr' id='par_1_40' title="bbox 1221 5417 1630 5564">
     <span class='ocr_line' id='line_1_87' title="bbox 1221 5417 1630 5564; baseline -0.034 -78"><span class='ocrx_word' id='word_1_535' title='bbox 1221 5429 1268 5496; x_wconf 72' lang='lat'>⁶⁸)</span> <span class='ocrx_word' id='word_1_536' title='bbox 1287 5425 1350 5482; x_wconf 77' lang='lat' dir='ltr'>Vid.</span> <span class='ocrx_word' id='word_1_537' title='bbox 1364 5443 1406 5497; x_wconf 81' lang='lat' dir='ltr'>ep.</span> <span class='ocrx_word' id='word_1_538' title='bbox 1419 5423 1485 5480; x_wconf 69' lang='lat' dir='ltr'>dd.</span> <span class='ocrx_word' id='word_1_539' title='bbox 1505 5417 1630 5564; x_wconf 50' lang='grc' dir='ltr'>Ιᾶὲῦὡ.</span> 
     </span>
    </p>
   </div>
   <div class='ocr_carea' id='block_1_39' title="bbox 0 0 2383 6196">
    <p class='ocr_par' dir='ltr' id='par_1_41' title="bbox 0 0 2383 6196">
     <span class='ocr_line' id='line_1_88' title="bbox 0 0 2383 6196; baseline 0 0"><span class='ocrx_word' id='word_1_540' title='bbox 0 0 2383 6196; x_wconf 95' lang='lat' dir='ltr'> </span> 
     </span>
    </p>
   </div>
  </div>
 </body>
</html>
