4734 6214
229 305 277 380 71
818 289 1254 373 EPISTULARUM
1298 293 1407 374 LlB.
1440 291 1511 374 Xl.
1565 293 1699 377 154s.
2214 297 2263 375 i2

227 490 346 550 autem
363 469 481 548 Deum
496 485 538 546 ut
553 490 620 544 nos
641 471 832 564 gubernet,
856 480 892 540 et
913 465 1084 563 reliquias
1097 463 1222 540 Eccle-
1271 479 1365 540 recte
1377 467 1576 562 percipere,
1602 481 1637 540 et
1651 479 1770 562 postea
1785 469 1919 542 maiore
1933 470 2139 564 dexteritate
2153 471 2266 566 expli-

229 581 301 652 siae
317 592 444 650 servet.
494 571 539 649 ln
553 569 884 657 nostrisEcclesiis,
908 585 943 642 et
963 571 1004 640 in
1019 563 1222 651 Academia,
1270 593 1350 642 care
1365 570 1512 664 possint.
1564 569 1685 660 Quare
1701 594 1738 641 se
1761 591 1794 642 et
1812 572 1852 641 in
1868 567 2088 646 arithmetica
2102 576 2269 664 exercuit,

228 679 299 754 Dei
316 679 505 760 beneficio,
531 701 600 748 vox
613 671 800 766 Evangelii
814 686 916 744 sonat
932 673 1157 764 incorrupta,
1184 685 1225 742 ut
1271 684 1306 743 et
1319 672 1536 744 circulorum
1551 673 1756 744 coelestium
1770 675 2032 766 descriptiones,
2056 677 2143 747 anni
2157 679 2269 750 ratio·

230 794 313 854 ante
334 781 479 852 bellum.
529 773 583 848 Ac
603 800 720 871 nuper
737 777 778 846 in
798 789 976 846 conventu
999 775 1114 866 gentis
1127 767 1225 868 My·
1271 797 1366 862 uem,
1390 789 1489 847 ortus
1503 788 1540 846 et
1554 797 1697 846 occasus
1711 774 1868 846 siderum
1882 777 2107 848 mediocriter
2123 779 2269 867 didicit;

230 905 355 956 sorum
380 905 461 953 cum
475 879 681 951 deliberatio
705 891 795 950 esset
808 879 854 947 de
868 876 1078 969 corruptelis
1092 875 1226 946 doctri·
1273 876 1312 945 in
1331 875 1462 970 quibus
1474 877 1581 947 rebus
1595 878 1684 947 ordo
1705 883 1896 970 perpetuus
1909 881 2200 952 commonefactio
2218 895 2270 952 est

200 971 317 1071 nae,
342 1006 429 1078 quas
446 981 674 1052 meministia
695 979 800 1050 nobis
813 972 1051 1050 Ratisbonae
1063 976 1226 1061 refutari,
1273 979 1318 1047 de
1340 975 1430 1056 Deo.
1488 974 1539 1050 Ut
1559 990 1678 1049 autem
1699 979 1815 1050 fontes
1838 979 2022 1050 doctrinae
2044 981 2083 1050 in
2110 979 2273 1053 Ecclesia

230 1083 399 1158 honestae
417 1097 451 1155 et
473 1084 551 1177 piae
568 1081 763 1154 sententiae
786 1081 830 1151 ab
855 1080 1022 1151 omnibus
1038 1079 1226 1151 ordinibus
1273 1077 1402 1149 melius
1427 1101 1615 1170 agnoscere
1645 1092 1781 1171 posset,
1819 1081 1957 1177 aliquid
1983 1105 2111 1174 operae
2143 1083 2274 1157 tribuit

231 1189 345 1260 dictae
366 1199 467 1270 sunt,
491 1209 537 1255 ne
554 1179 733 1256 Ecclesiae
747 1179 876 1254 harum
896 1181 1082 1272 regionum
1103 1181 1227 1252 turba·
1274 1180 1417 1270 linguae
1433 1204 1576 1272 graecae
1595 1195 1631 1252 et
1651 1177 1848 1255 hebraicae.
1899 1181 2164 1255 studiosissime
2184 1209 2274 1255 vero

231 1302 367 1361 rentur.
418 1285 489 1358 Sed
510 1299 612 1378 urget
627 1285 766 1356 vicinus
781 1277 837 1380 ¹⁵),
862 1283 926 1377 qui
940 1283 1076 1377 alioqui
1089 1281 1227 1352 Home-
1275 1282 1401 1353 didicit
1417 1281 1615 1354 doctrinam
1631 1279 1810 1353 Ecclesiae
1829 1280 1898 1352 Dei
1914 1286 2115 1378 propriam,
2140 1288 2184 1358 de
2200 1311 2277 1380 qua

233 1387 308 1462 rico
322 1381 497 1482 Margits
511 1385 675 1478 ignavior
694 1400 762 1468 est,
788 1399 829 1456 ut
843 1385 1030 1456 mittantur
1050 1385 1228 1464 mandata,
1276 1405 1486 1474 consensum
1501 1383 1725 1476 amplectitur
1743 1379 1974 1472 catholicum,
1999 1411 2104 1482 quem
2126 1399 2160 1458 et
2176 1388 2276 1459 Aca-

233 1517 323 1588 quae
338 1503 483 1581 cogant,
508 1503 550 1561 ut
570 1488 632 1558 illa
648 1501 763 1558 statua
783 1485 892 1576 Regis
910 1483 1122 1581 Babylonici
1141 1487 1229 1556 ado·
1276 1485 1391 1554 demia
1415 1498 1537 1556 nostra
1559 1487 1760 1578 profitetur,
1785 1501 1820 1556 et
1841 1482 2010 1560 abhorret
2033 1491 2078 1560 ab
2103 1490 2277 1562 omnibus

232 1607 343 1668 retur.
392 1590 466 1662 Nos
482 1589 664 1661 communi
679 1587 826 1660 consilio
841 1588 986 1657 brevem
1000 1587 1230 1658 deliberatio·
1275 1585 1438 1657 fanaticis
1457 1587 1700 1678 opinionibus.
1742 1583 1832 1658 Cum
1847 1587 1956 1678 igitur
1970 1591 2085 1660 studia
2105 1603 2140 1661 et
2155 1613 2278 1662 mores

233 1719 317 1766 nem
332 1681 574 1778 exhibuimus,
594 1704 629 1761 et
642 1703 762 1761 nostra
783 1689 939 1781 pericula
953 1687 1031 1759 Deo
1048 1711 1228 1759 commen·
1275 1682 1384 1758 huius
1405 1681 1632 1760 Wendelini
1647 1689 1895 1780 probaremus,
1920 1689 2081 1763 decretus
2100 1705 2152 1762 est
2177 1693 2209 1762 ei
2226 1697 2276 1764 de

233 1800 375 1880 damus3
402 1818 468 1864 nec
483 1791 655 1862 timiditas
671 1790 928 1862 moderationis
948 1785 1050 1860 causa
1072 1803 1143 1876 est,
1168 1789 1227 1859 sed
1278 1790 1454 1859 sententia
1470 1789 1609 1878 collegii
1623 1791 1737 1862 nostri
1756 1793 1885 1881 graden
1902 1793 2095 1882 magisterii
2111 1789 2277 1886 philoso-

233 1899 332 1992 quod
346 1917 543 1987 speramus,
567 1888 636 1976 hoc
652 1895 761 1963 modo
780 1892 860 1984 plus
876 1891 1000 1983 profici
1019 1914 1131 1983 posse.
1181 1887 1230 1961 Et
1276 1885 1374 1984 phici
1398 1913 1493 1962 anno
1513 1885 1642 1973 1546„
1669 1893 1766 1986 quod
1789 1889 1845 1962 his
1865 1895 2015 1985 publicis
2037 1895 2149 1968 literis
2168 1910 2279 1967 testa-

124 2015 127 2022 ’
232 2014 351 2071 tamen
375 1995 496 2068 omnia
517 1991 686 2066 Ecclesiis
710 1989 839 2062 harum
865 1993 1050 2082 regionum
1071 2015 1228 2062 necessa·
1276 2015 1368 2062 mur.
1416 1987 1509 2064 Cum
1529 2007 1646 2062 autem
1668 1995 1828 2085 expediat
1848 1995 2080 2088 reipublicae,
2112 1997 2217 2070 bonis
2238 2013 2279 2070 et

233 2103 286 2172 ria
302 2097 475 2190 complexi
491 2119 625 2170 sumus.
653 2091 827 2165 ,Omnino
841 2095 1030 2184 grandiore
1043 2117 1131 2164 sono
1146 2119 1229 2164 cau-
1276 2093 1445 2165 modestis
1467 2093 1620 2184 ingeniis
1645 2095 1823 2186 pr'aeditos
1845 2097 1957 2178 tueri,
1984 2101 2277 2172 commendamus
2302 2145 2306 2152 ‚

233 2225 271 2272 ea
285 2201 392 2293 paulo
409 2212 490 2290 post
504 2209 637 2287 agetur.
687 2193 760 2267 Sed
776 2195 928 2286 optarim
943 2195 1075 2266 alicubi
1090 2209 1230 2267 nostra·
1277 2191 1374 2266 hunc
1403 2192 1501 2286 Mag.
1534 2189 1804 2269 Wendelinum
1838 2199 2005 2269 omnibns
2038 2201 2143 2270 bonis
2176 2201 2277 2288 viris,

231 2327 317 2374 rum
332 2295 571 2371 Ecclesiarum
586 2299 746 2368 doctores
765 2298 809 2366 de
822 2297 991 2368 omnibus
1004 2297 1109 2368 rebus
1129 2299 1230 2389 prius
1277 2297 1483 2388 praesertim
1501 2321 1581 2368 cum
1598 2297 1668 2366 iam
1685 2297 1743 2388 pie
1755 2313 1790 2370 et
1804 2298 1939 2370 utiliter
1953 2301 2084 2373 serviat
2095 2299 2276 2373 Ecclesiae

235 2427 338 2496 posse
355 2400 521 2494 colloqui.
571 2397 680 2469 Mitto
702 2397 770 2468 tibi
786 2397 958 2490 pagellas,
981 2411 1085 2493 teque
1108 2423 1171 2468 oro
1190 2411 1227 2468 nt
1277 2397 1345 2469 Dei
1368 2398 1407 2466 in
1430 2398 1629 2469 ministerio
1651 2395 1908 2488 Evangelico.·
1937 2397 2003 2472 Est
2022 2418 2138 2473 autem
2160 2406 2274 2496 pietas

235 2504 415 2576 rescribas.
467 2500 625 2574 Salutem
644 2511 727 2591 opto
743 2500 870 2572 etviro
893 2499 1027 2590 optimo
1046 2499 1231 2592 patrituo,
1276 2511 1373 2590 grata
1399 2495 1497 2588 Deo,
1530 2511 1691 2569 amanter
1723 2501 1909 2592 complecti
1940 2503 2060 2574 fideles
2085 2501 2275 2596 Evangelii

236 2619 272 2677 et
286 2603 472 2685 fratribus,
499 2615 534 2674 et
546 2597 592 2674 D·
605 2595 758 2697 Aepino.
806 2597 861 2671 De
876 2601 984 2672 fratre
999 2596 1229 2673 hucmitten-
1276 2599 1470 2676 ministros.
1520 2593 1677 2670 Oramus
1699 2601 1805 2672 etiam
1820 2601 1933 2672 lilium
1948 2603 2013 2676 Dei
2029 2611 2205 2676 sedentem
2221 2609 2271 2676 acl

157 2745 161 2758 ·
236 2709 283 2777 do
298 2706 546 2798 expectandam
562 2724 635 2774 esse
651 2697 815 2796 hyemem
829 2725 966 2783 censeo.
989 2699 1088 2774 Bene
1104 2703 1230 2776 etleli-
1278 2702 1436 2772 dextram
1458 2701 1592 2772 aeterni
1615 2701 1725 2794 petris
1746 2715 1782 2774 et
1803 2704 1947 2774 dantem
1972 2708 2067 2776 dona
2082 2704 2275 2794 Ecclesiae,

173 2855 176 2860 -
236 2807 324 2880 citer
340 2807 432 2879 vale.
482 2803 551 2878 Die
569 2799 740 2880 tutelli.
1279 2815 1435 2894 pastores
1459 2816 1494 2874 et
1516 2803 1695 2888 doctores,
1727 2827 1774 2873 ne
1802 2804 1898 2876 sinat
1926 2809 2128 2899 extinguere
2155 2809 2275 2880 lucem

333 2943 336 2952 ·
1278 2901 1484 2994 Evangelii,
1517 2905 1580 2974 sed
1606 2905 1748 2996 colligat
1773 2905 1843 2976 sihi
1868 2905 1962 2977 inter
1987 2932 2053 2980 nos
2077 2906 2277 2981 Ecclesiam

1278 3020 1476 3092 aeternam,
1498 3019 1533 3077 et
1554 3019 1651 3096 regat
1673 3001 1770 3077 hunc
1790 3007 1993 3091 ministrum
2014 3024 2049 3082 et
2070 3011 2174 3083 saciat
2192 3035 2279 3084 eum

1280 3111 1409 3188 σκεῦος
1437 3103 1575 3192 ἐλέους,
1608 3120 1650 3178 ut
1671 3131 1739 3178 vox
1761 3108 1872 3199 ipsius
1892 3109 2055 3182 salutaris
2077 3113 2123 3182 sit
2149 3127 2184 3185 et
2205 3113 2279 3204 ipsi

236 3201 305 3274 No.
320 3199 436 3275 1196.
955 3209 964 3216 '
1075 3209 1131 3274 15.
1148 3201 1209 3273 Iul.
1280 3223 1314 3282 et
1339 3209 1429 3280 aliis.
1478 3207 1608 3296 Datae,
1639 3206 1929 3301 Wittembergae
1953 3236 2048 3284 anno
2081 3212 2192 3289 1648.
2216 3215 2280 3287 die

242 3297 416 3330 Ἃ
1053 3295 1225 3373 W
1281 3307 1341 3388 15.
1357 3309 1454 3384 tulii.

272 3397 278 3408 “
352 3398 683 3487 Testimonium
712 3399 918 3513 Trogero
945 3395 1119 3487 dotum.

303 3575 377 3644 †Ex
394 3573 548 3647 apographo
568 3571 597 3627 in
619 3571 682 3628 cod.
701 3573 877 3631 Monac.,-88.
895 3591 943 3632 no.
958 3566 1007 3628 lv.
1025 3589 1053 3644 p.
1064 3570 1109 3629 tt.
1125 3579 1154 3628 et
1170 3573 1232 3630 cod.

336 3643 448 3698 Monac.
462 3643 506 3700 90.
524 3660 571 3698 uo.
586 3640 644 3698 Vll.
662 3661 690 3714 p.
701 3641 762 3701 847.
1292 3663 1357 3740 No·
1371 3663 1488 3739 4297·
2125 3683 2182 3746 ¹6·
2199 3673 2267 3742 Iul·

263 3796 442 3872 Decanus
466 3789 631 3892 Collegit
656 3791 916 3893 Philosophia·
942 3797 983 3868 in
1004 3777 1205 3869 Academia
1286 3763 1498 3801 »em
2102 3765 2283 3796 m

265 3894 619 3996 Wltembcrgensi,
651 3892 757 3974 Plu'l.
779 3893 873 3973 Mel.
898 3894 942 3972 S.
960 3896 1016 3976 D.
1037 3899 1205 3974 omnibns
1578 3846 1645 3938 1⁰·
1669 3848 1970 3937 Drm'liiae·

356 4033 359 4041 s
541 3996 688 4071 lecturr's
702 3993 776 4072 has
789 3997 930 4072 literas.
1348 4021 1436 4095 Κρὴς,
1454 4023 1504 4086 gg·
1518 4023 1557 4081 11.
1574 4023 1674 4100 9470·
1696 4023 1774 4096 (ὠὴ.
1787 4023 1877 4082 tout.
1895 4022 1943 4080 „bo
1959 4023 1995 4082 11.
2011 4043 2055 4102 ep.
2067 4026 2153 4099 att).

237 4119 410 4204 Petivita
427 4131 533 4204 nobis
547 4133 788 4206 testimouium
803 4135 849 4205 de
864 4133 936 4206 suis
950 4132 1128 4216 moribus,
1154 4148 1231 4208 stu-

239 4233 308 4306 diis
322 4247 356 4306 et
367 4235 497 4324 gradu,
521 4232 578 4305 vir
593 4228 762 4308 honestus
776 4249 813 4307 et
824 4237 965 4323 doctus,
987 4233 1084 4328 Mag.
1107 4233 1229 4310 Wem¹

240 4331 385 4406 delineas
400 4329 587 4429 Trogcrus
603 4333 805 4423 Clodensis;
832 4337 869 4406 id
890 4337 923 4408 ei
933 4357 1084 4408 ‘summa
1100 4340 1229 4410 volun·
1280 4315 1328 4406 S.
1351 4329 1398 4408 D.
1446 4327 1527 4406 Etsi
1542 4347 1576 4404 te
1591 4357 1731 4404 causam
1745 4333 1885 4405 consilii
1901 4335 1954 4406 tui
1967 4331 2096 4407 habere
2112 4361 2187 4409 non
2206 4342 2286 4413 du.

237 4451 308 4509 tate
325 4438 595 4530 impertivimus.
630 4436 721 4509 Cum
738 4439 886 4510 enimin
902 4435 1092 4510 Academia
1108 4456 1228 4513 nostra
1278 4433 1373 4522 bito,
1398 4459 1462 4506 cur
1483 4436 1528 4507 ad
1545 4459 1645 4506 oram
1660 4429 1808 4506 Balit'ct'
1823 4436 1953 4507 littoris
1969 4440 2192 4510 successeris:
2220 4456 2286 4514 ta.

238 4539 391 4632 amplius
404 4540 571 4610 sexennio
585 4554 820 4611 commoratus
838 4541 894 4622 sit,
905 4543 1139 4632 comperimus
1154 4543 1230 4613 eins
1278 4559 1361 4606 men
1380 4537 1533 4627 optarim
1548 4548 1583 4608 te
1602 4537 1702 4628 prius
1722 4539 1848 4618 adnos
1868 4537 2006 4608 venisse
2013 4563 2022 4625 ;
2048 4565 2126 4612 mea
2147 4543 2287 4619 domus

237 4663 354 4713 mores
367 4635 533 4711 honestos
548 4653 583 4710 et
603 4642 682 4733 pios
696 4665 789 4724 esse,
814 4655 851 4712 et
866 4643 1022 4712 studiose
1038 4667 1118 4713 eum
1134 4643 1230 4713 didi·
1279 4631 1474 4730 hospitium
1495 4638 1673 4708 mediocre
1694 4651 1729 4708 et
1749 4661 1824 4708 non
1844 4637 1991 4710 insuave
2006 4641 2074 4712 tibi
2087 4644 2285 4734 praebuis-

238 4743 326 4811 cisse
351 4741 548 4812 doctrinam
572 4737 751 4814 Ecclesiae
773 4743 1020 4829 necessariam,
1051 4745 1229 4838 adquam
1278 4753 1341 4825 set,
1368 4753 1401 4810 et
1415 4754 1456 4811 tu
1468 4738 1588 4818 minus
1600 4740 1725 4830 procul
1741 4763 1761 4810 e
1775 4739 1847 4810 tuis
1860 4741 2040 4816 abfuisses.
2074 4741 2145 4816 Sed
2163 4771 2286 4840 quae·

236 4842 428 4913 iuvandam
442 4843 630 4934 praecipue
641 4845 757 4914 studia
771 4867 833 4915 sua
844 4845 1026 4918 rescrebat.
1052 4845 1230 4937 Adjunxir
1278 4865 1418 4934 cunque
1435 4841 1577 4914 consilii
1592 4841 1646 4910 tui
1663 4863 1766 4912 causa
1778 4840 1857 4928 tuit,
1883 4857 1967 4934 opto
1982 4855 2022 4914 nt
2035 4841 2133 4916 Deus
2149 4860 2184 4918 te
2198 4871 2286 4920 ser·-

238 4943 334 5014 enim
359 4945 406 5012 ad
432 4944 730 5035 liuguaelatinae
756 4945 913 5020 studium
943 4947 1169 5034 dialecticen,
1194 4963 1230 5021 et
1278 4955 1336 5014 vet
1361 4943 1594 5025 incolumem,
1627 4954 1663 5012 et
1685 4942 1777 5012 illud
1802 4965 1904 5034 saepe
1927 4944 2062 5034 cogito,
2095 4943 2137 5018 ni
2159 4943 2286 5044 τείχες

237 5043 408 5116 elementa
423 5046 573 5116 aliarum
588 5040 835 5141 philosophiae
849 5047 1020 5139 partium,
1044 5049 1127 5145 quia
1142 5043 1229 5124 haec
1275 5036 1635 5139 succrescentium
1649 5047 1766 5116 πᾶσαι
1776 5039 2019 5141 ἠρίθμηνται.
2042 5043 2284 5142 Scripsimus

236 5145 374 5218 cultura
391 5161 576 5240 praeparat
590 5147 752 5242 ingenia,
776 5161 819 5221 ut
838 5149 1037 5224 doctrinam
1050 5145 1229 5225 Ecclesiae
1276 5148 1322 5216 ad
1335 5143 1470 5236 Regem
1479 5139 1683 5236 Dam'cum,
1698 5145 1834 5220 Ductor
1842 5137 2085 5238 Pomtmnus,
2100 5163 2135 5223 et
2150 5174 2215 5244 ego
2225 5147 2286 5253 *)‚

1459 4169 1515 4294 D.
1540 4176 1760 4256 Iohanni
1782 4177 2096 4262 Draconitae.

240 5335 468 5352 —n—
1284 5335 1507 5354 m

268 5447 295 5518 ⁵)
315 5445 440 5509 Mercbio
457 5449 615 5510 Brsndcnb.
632 5450 675 5510 vel
691 5453 782 5529 potius
797 5449 848 5528 pir
865 5469 928 5512 snm
945 5449 987 5511 lo.
1003 5452 1140 5528 Agricola.
1309 5452 1340 5527 *)
1358 5449 1423 5513 Vid.
1441 5455 1518 5530 epist.
1536 5456 1572 5514 ad
1589 5455 1693 5530 Regem
1710 5453 1814 5514 Daciae
1832 5455 1859 5515 d.
1876 5455 1919 5517 11.
1935 5453 1999 5520 lun.
2018 5457 2096 5518 tata.
