4522 6098
104 262 179 347 ua
667 251 1108 337 urrsronanuu
1165 255 1277 340 nra.
1307 254 1375 340 xe
1424 255 1561 337 asca.
2077 260 2158 367 sse

113 435 319 570 Qu.
739 525 742 532 ¹
943 433 1102 521 essu.
1149 425 1348 506 u0.ss71.
1971 437 2154 565 Q

958 524 1331 561 ”W

278 621 503 733 Cucciges·
529 615 596 702 od
613 615 928 705 Scholasticoa.
1350 598 1569 734 Gnccipes·
1601 615 1667 703 ad
1694 614 1917 707 Scholast.

170 780 278 854 sarpa
296 774 374 854 pust.
393 773 479 834 aaa.
496 770 580 831 vva.
596 771 630 832 r.
642 772 663 830 ι.
681 791 710 848 ρ,
721 771 783 831 su.
1218 776 1328 852 steps
1345 773 1423 850 pust
1439 775 1526 836 sae
1546 773 1661 835 wera
1679 775 1714 834 r.
1730 778 1755 833 1.
1773 795 1800 850 ρ.
1816 777 1879 834 sss

25 1008 29 1013 .
101 917 240 996 Ratae
270 908 493 988 Academiae
524 901 956 1084 WitebbCosparus
985 900 1103 986 Cra·
1148 911 1285 990 Reclor
1309 908 1532 989 Academiae
1563 900 1995 1086 Wtcb.DCasparus
2029 909 2158 997 Cro.

490 1035 635 1110 sager,
704 1060 715 1084 .
1535 1037 1688 1112 etgar,
1760 1069 1771 1092 ‚

101 1139 262 1228 Necesse
277 1164 330 1224 est
343 1150 384 1221 in
397 1143 558 1220 Ecclesia
568 1145 665 1219 tradi
679 1142 878 1216 doctrinam
893 1145 938 1216 de
954 1139 1102 1234 Angelis
1150 1133 1249 1224 Cum
1268 1158 1414 1240 propter
1428 1144 1516 1216 alias
1534 1147 1666 1218 multas
1688 1173 1809 1222 causas
1830 1151 1951 1224 dolere
1970 1152 2073 1246 pium
2093 1167 2159 1245 cst,

101 1255 181 1330 Deo
200 1253 441 1350 placentibus,
466 1262 503 1321 et
516 1250 562 1321 de
575 1248 679 1342 lapsu
694 1247 901 1339 spirituum,
926 1247 1010 1341 quia
1024 1243 1102 1318 Deo
1150 1276 1230 1322 curn
1246 1246 1388 1321 honesti
1402 1242 1567 1318 homines
1584 1262 1619 1320 et
1627 1247 1743 1321 Deum
1752 1267 1846 1325 recte
1861 1254 2016 1327 colentes
2030 1279 2074 1326 es
2087 1252 2158 1331 bac

103 1361 327 1442 deiecerunt,
351 1368 386 1425 et
408 1376 523 1436 nune,
547 1364 589 1421 ut
609 1350 733 1420 odium
749 1349 913 1442 expleant
935 1350 1103 1419 adversus
1150 1356 1223 1425 vita
1248 1350 1391 1422 mortali
1416 1363 1628 1436 evocantur,
1660 1366 1735 1424 tum
1762 1380 1848 1425 vero
1875 1357 1982 1428 etiam
2005 1373 2158 1452 propter

103 1461 240 1545 Deum,
271 1457 421 1528 immani
447 1455 581 1524 furore*
596 1466 631 1524 et
652 1452 858 1524 crudelitate
886 1450 1104 1521 insidiantur
1151 1479 1278 1541 omen,
1303 1453 1387 1548 quia
1402 1451 1648 1544 significantur
1663 1454 1911 1547 impendentes
1927 1459 2159 1549 calamitates,

102 1560 295 1638 Ecclesiae.
346 1555 399 1630 Ac
413 1558 582 1635 adversus
597 1568 669 1624 tam
691 1574 812 1624 saevos
829 1548 947 1623 hostes
961 1548 1105 1626 delendi
1151 1559 1283 1654 quibus
1305 1555 1477 1650 praeripit
1496 1552 1593 1626 Deus
1614 1579 1743 1648 magna
1756 1583 1797 1629 ex
1818 1572 1918 1652 parte
1939 1582 2022 1631 suos
2040 1564 2158 1637 cudis.
2194 1580 2197 1587 ·

103 1689 172 1738 nos
187 1663 339 1734 sciamus
354 1660 400 1729 ab
416 1659 493 1750 ipso
517 1657 591 1726 filio
606 1653 691 1740 Dei,
716 1656 864 1726 domino
882 1669 1005 1746 nostro
1024 1651 1102 1723 lesu
1151 1685 1227 1746 res,
1255 1671 1296 1730 ut
1307 1658 1480 1750 scriptum
1501 1670 1569 1727 est:
1584 1657 1671 1729 iusti
1688 1660 1923 1751 colliguntur,
1946 1686 1993 1733 ne
2010 1665 2159 1739 videant

104 1764 271 1850 Christo,
300 1760 465 1834 crucifixo
489 1782 554 1851 pro
577 1758 682 1829 nobis
702 1772 737 1828 et
753 1757 982 1840 resuscitato,
1013 1755 1105 1825 sicut
1152 1762 1246 1832 mala
1279 1773 1441 1834 ventura.
1499 1756 1717 1832 Meministis
1749 1776 1867 1833 autem
1902 1765 2014 1834 multa
2047 1761 2159 1840 huius

108 1863 288 1941 lohannes
313 1864 465 1937 affirmat
488 1861 670 1955 inquiens:
699 1859 799 1928 venit
826 1859 920 1929 filius
945 1855 1033 1942 Dei,
1064 1869 1106 1928 ut
1151 1861 1291 1935 biennii
1320 1862 1466 1942 luuma,
1507 1861 1547 1929 iu
1586 1862 1718 1957 quibus
1758 1866 1945 1936 universae
1975 1863 2158 1941 Ecclesia,

106 1977 266 2046 destruat
279 1989 386 2060 opera
403 1963 550 2036 diaboli.
610 1960 753 2050 Quibus
770 1960 885 2032 verbis
901 1959 1038 2030 reddita
1055 1970 1107 2028 est
1153 1967 1270 2037 luctus
1288 1961 1447 2054 conspici
1463 1961 1595 2053 potuit,
1620 1989 1710 2057 quae
1723 1965 1838 2051 dolet,
1851 1990 1888 2035 se
1906 1968 2068 2038 orbatam
2084 1964 2163 2043 csse'

107 2072 280 2145 sententia
311 2068 448 2160 primae
480 2062 746 2156 promissionis:
791 2085 912 2131 semen
947 2061 1107 2132 mulieris
1155 2082 1208 2140 tot
1227 2055 1392 2137 honestis
1414 2063 1522 2146 viris,
1549 2078 1584 2135 et
1605 2069 1795 2152 matronis,
1829 2092 1980 2161 quarum
2003 2072 2074 2143 fuit
2096 2098 2159 2144 ex·

107 2171 332 2249 conculcabit
345 2180 450 2257 caput
469 2165 653 2255 serpentis.
702 2162 776 2234 Nec
792 2163 1016 2236 imbecillitas
1037 2157 1109 2233 hu-
1155 2170 1286 2241 cellens
1299 2167 1425 2242 virtus.
1476 2163 1582 2236 Nunc
1607 2167 1744 2238 accedit
1765 2169 1873 2240 sunus
1889 2163 2176 2251 honestissimae.

106 2275 306 2350 manasine
323 2269 453 2339 auxilio
471 2265 540 2337 Dei
554 2281 629 2338 tuta
644 2289 717 2334 esse
734 2279 858 2359 potest.
909 2264 1027 2336 Habet
1043 2288 1109 2334 au·
1157 2286 1338 2342 matronae
1354 2263 1575 2353 Barbarae,
1595 2269 1758 2359 coniugis
1773 2263 1968 2342 venerandi
1982 2275 2052 2344 viri
2071 2274 2160 2348 Ma·

109 2395 183 2452 tem
214 2389 250 2446 et
282 2371 377 2441 filius
405 2367 475 2441 Dei
507 2369 693 2440 adiunctos
720 2369 913 2452 exercitus,
944 2367 1110 2437 videlicet
1157 2373 1260 2464 gistri
1280 2370 1481 2444 sebastiani
1497 2363 1712 2441 Froscltelii
1720 2424 1731 2455 ,
1756 2374 1958 2444 eruditione
1978 2384 2014 2448 et
2026 2377 2159 2451 virtuts

110 2493 224 2552 castos
240 2473 403 2564 angelos,
428 2468 543 2543 Deum
561 2469 777 2543 invocantes.
816 2468 866 2538 lli
881 2468 1109 2538 circumvoli-
1157 2473 1386 2569 praestantis,
1410 2473 1474 2566 qui
1487 2494 1602 2542 annos
1625 2472 1764 2542 circiter
1781 2475 1907 2567 viginti
1929 2471 2014 2548 huic
2031 2475 2156 2551 Eccle-

109 2597 189 2655 tant
204 2576 346 2669 templa,
369 2568 517 2656 scholas,
540 2570 714 2643 thalamos
728 2585 879 2655 nostros,
898 2585 932 2641 et
949 2571 1111 2640 custodes
1158 2577 1231 2648 siae
1250 2575 1289 2645 in
1309 2597 1436 2664 magna
1459 2571 1631 2645 varietate
1652 2587 1873 2666 temporum,
1899 2592 2077 2667 grassante
2090 2604 2156 2677 pe-

112 2697 197 2754 sunt
214 2679 456 2749 membrorum
469 2670 668 2758 Ecclesiae,
693 2674 898 2767 ubicunque
912 2695 1047 2757 sumus,
1071 2685 1112 2742 ut
1159 2677 1332 2762 stilentia,
1363 2676 1402 2746 in
1425 2675 1558 2770 oppido
1584 2675 1701 2746 cincto
1725 2672 1905 2765 hostibus,
1929 2704 2059 2771 magna
2080 2682 2163 2773 lide,

112 2780 348 2856 inhodierna
369 2775 542 2848 concione
563 2777 822 2867 scriptumest:
848 2775 966 2865 angeli
987 2796 1111 2844 eorum
1159 2779 1383 2865 assiduitate,
1412 2791 1447 2848 et
1465 2777 1664 2849 constantia
1684 2779 1841 2854 servivit.
1892 2779 1987 2852 Huic
2014 2799 2049 2855 et
2070 2784 2197 2859 filine.

113 2887 239 2957 vident
252 2881 377 2952 faciem
389 2878 512 2972 patris.
563 2873 611 2949 Et
624 2876 785 2949 Psalmus
801 2877 933 2972 inquit:
960 2875 1112 2947 circum·
1159 2897 1232 2956 tres
1254 2881 1430 2971 elingens
1449 2880 1667 2950 desiderium
1692 2881 1849 2952 coniunx
1862 2883 2028 2979 reliquit,
2052 2911 2165 2982 quan

113 2989 225 3061 vallat
240 2983 386 3073 angelus
399 2976 539 3052 domini
551 2979 714 3053 timentes
727 2977 857 3053 Deum.
1160 2986 1267 3057 etiam
1280 2982 1518 3054 invocationis
1533 3004 1617 3052 suae
1634 2980 1765 3052 sociam
1781 2977 1919 3060 habuit.
1967 2981 2166 3063 Doleamus

217 3084 316 3158 Haec
332 3096 407 3156 tota
422 3080 584 3153 doctriua
600 3105 680 3153 cum
701 3076 809 3152 hodie
830 3081 869 3150 in
889 3081 977 3152 festo
994 3079 1116 3168 Ange-
1161 3087 1272 3180 igitur
1286 3096 1321 3155 et
1337 3099 1482 3178 propter
1496 3080 1712 3170 Ecclesiam,
1729 3086 1828 3178 quod
1846 3087 2067 3184 tamomultae
2084 3084 2166 3184 pise¹

116 3194 236 3265 lorum
253 3184 389 3282 populo
409 3196 624 3277 exponetur,
648 3183 852 3254 excitandae
874 3196 957 3252 eunt
981 3195 1115 3252 montet
1160 3201 1298 3260 mentes
1319 3212 1361 3256 ex
1376 3180 1443 3256 hac
1460 3198 1581 3256 nostra
1596 3188 1852 3258 consuetudine
1867 3189 2109 3280 abducuntur,
2129 3202 2167 3269 el

116 3307 278 3375 nostrae,
321 3302 357 3360 et
387 3299 428 3359 ut
463 3285 689 3357 considerent
721 3299 861 3356 tantum
894 3283 1116 3367 beneficium,
1162 3302 1309 3384 propter
1331 3287 1467 3359 luctum
1484 3287 1624 3369 mariti,
1648 3301 1683 3357 et
1699 3285 1814 3357 Deum
1840 3290 2049 3364 ardentibus
2071 3294 2167 3369 votis

118 3396 213 3493 quod
231 3391 329 3463 Deus
350 3390 513 3462 custodes
536 3387 679 3479 angelos
696 3387 801 3457 nobis
816 3385 997 3477 adiungit,
1021 3397 1055 3454 et
1076 3397 1117 3454 ul
1163 3413 1324 3474 oremus,
1356 3402 1399 3460 ut
1421 3389 1582 3482 publicas
1606 3403 1640 3458 et
1659 3389 1814 3482 privatas
1832 3415 2019 3464 aerumnas
2042 3382 2197 3487 lenires}

119 3497 248 3591 gratias
269 3495 303 3564 ei
327 3517 392 3587 pro
416 3487 485 3563 boc
512 3489 684 3562 beneficio
714 3511 876 3580 agamus,
907 3488 979 3558 imo
1012 3485 1116 3557 etiam
1137 3481 1143 3596 Ι
1164 3508 1200 3565 et
1215 3505 1330 3563 servet
1343 3491 1437 3560 inter
1454 3514 1519 3560 nos
1534 3515 1654 3560 semen
1668 3490 1814 3584 aliquod
1830 3507 2011 3583 sanctum,
2036 3480 2197 3571 nessi-⁵³·

119 3612 299 3694 petamus,
325 3593 401 3684 regi
413 3617 479 3664 nos
501 3617 521 3662 a
537 3592 666 3686 spiritu
681 3592 824 3676 divino,
851 3590 1062 3681 procedente
1076 3610 1118 3656 ex
1165 3609 1228 3665 irat
1242 3593 1399 3684 extingui
1416 3587 1531 3662 inlroc
1545 3606 1667 3662 nostro
1676 3605 1778 3663 coetu
1792 3595 1906 3666 lucem
1918 3620 2022 3667 verae
2030 3600 2181 3673 doctri--

119 3713 262 3797 pectore
286 3695 423 3766 aeterni
442 3694 554 3787 patris
582 3707 619 3764 et
637 3693 725 3776 filii,
749 3708 783 3764 et
805 3692 877 3782 tegi
896 3692 1018 3761 dextra
1042 3688 1119 3773 ulii,
1166 3721 1233 3768 nae
1257 3711 1293 3769 et
1314 3719 1433 3765 veram
1459 3695 1732 3768 invocationem.
1787 3694 1924 3767 Videtis
1946 3701 2107 3774 seniores
2124 3704 2173 3775 iss*

123 3817 159 3875 et
173 3823 237 3893 per
250 3798 393 3888 angelos
407 3807 521 3866 castos
535 3793 667 3885 depelli
682 3815 703 3862 a
718 3793 824 3862 nobis
837 3793 978 3880 agmina
994 3792 1120 3862 diabo-
1166 3821 1296 3888 magna
1317 3796 1499 3866 moesticia
1519 3796 1657 3877 vivere,
1689 3797 1752 3888 qui
1770 3798 2010 3870 calamitatum
2032 3788 2175 3877 molensi

123 3908 243 3976 lorum
255 3922 382 3989 spurca
398 3911 434 3969 el
449 3895 611 3967 ardentio
625 3894 710 3964 odio
723 3892 803 3964 Dei·
850 3894 1017 3965 Studium
1036 3916 1121 3962 vero
1167 3901 1336 3971 sentiunt.
1386 3896 1464 3968 Hos
1486 3897 1606 3967 dolere
1621 3898 1738 3967 sciatis
1753 3922 1826 3969 non
1842 3900 1957 3969 solum
1973 3924 2035 3974 sua
2052 3880 2182 3995 mutati

124 4002 388 4096 cognoscendae
401 3994 509 4070 huius
524 3995 708 4068 doctrinae
723 4009 759 4066 ct
775 3996 882 4068 fidem
904 4007 1062 4065 nostram
1082 3993 1121 4061 in
1167 4003 1230 4073 sed
1248 4001 1362 4070 multo
1379 4000 1490 4089 magis
1509 4011 1655 4091 propter
1664 3988 1941 4072 adolescentiam
1964 4016 2000 4074 et
2012 4006 2197 4097 posteri-ll,

124 4106 317 4200 gratiarum
335 4100 472 4171 actione
489 4113 524 4170 et
540 4098 764 4168 invocatione
781 4098 999 4169 declaremus
1015 4088 1123 4165 bodie
1169 4117 1290 4176 tatem,
1350 4099 1464 4171 Vobis
1491 4114 1617 4190 optant
1641 4101 1796 4194 relinqui
1823 4103 1986 4195 patriam,
2002 4130 2093 4180 oms
2150 4118 2153 4123 ·

126 4204 300 4299 singulari
325 4202 498 4273 modestia
528 4215 566 4273 et
591 4200 672 4271 aliis
698 4198 770 4291 piis
793 4197 937 4282 officiis,
969 4220 1122 4291 quorum
1169 4204 1332 4275 doctrina
1360 4198 1567 4292 Evangelii,
1598 4202 1751 4292 legibus,
1778 4205 1978 4295 disciplina,
2029 4205 2088 4282 H,

126 4310 288 4383 omnium
315 4317 526 4396 spectatores
555 4325 629 4373 esse
652 4315 764 4392 castos
784 4299 942 4390 Angelos
961 4298 1123 4371 sciamus.
1170 4306 1401 4375 maximarum
1424 4328 1566 4387 rerum,
1592 4317 1627 4373 et
1646 4319 1782 4375 vestrae
1803 4306 1925 4375 salutis
1942 4332 2025 4377 cura
2043 4294 2197 4385 encra-i'¹

128 4412 186 4485 Ad
202 4434 299 4480 aram
317 4409 421 4479 etiam
437 4429 587 4475 munera
602 4403 733 4474 adferri
750 4403 934 4485 volumus,
960 4413 999 4471 ut
1014 4399 1124 4489 grati·
1171 4407 1321 4479 cientur.
1376 4404 1449 4476 Sed
1476 4405 1595 4498 aliqua
1620 4408 1842 4497 expertein
1864 4408 1967 4477 vobis
1988 4411 2096 4482 etism
2120 4414 2172 4484 si.

128 4514 264 4587 tudinis
285 4524 425 4580 nostrae
453 4509 593 4596 signum
619 4517 722 4575 estet.
777 4502 971 4575 Laetantur
995 4500 1125 4591 Augeli
1171 4523 1249 4579 tum
1272 4521 1345 4593 est,
1375 4531 1421 4575 ne
1443 4506 1627 4597 posteritas
1648 4530 1792 4598 prorsus
1816 4509 1984 4579 deleatur.
2036 4512 2078 4584 si
2100 4514 2197 4608 ipd':

129 4615 259 4686 nostris
276 4612 391 4695 bonis,
416 4622 457 4680 ut
471 4608 641 4699 scriptum
656 4620 724 4676 est:
750 4607 918 4694 gaudium
936 4619 987 4675 est
1001 4599 1125 4694 ange·
1172 4612 1218 4680 ad
1234 4632 1358 4679 senum
1371 4608 1521 4697 gemitus
1535 4622 1569 4679 et
1584 4621 1664 4676 vota
1677 4609 1910 4680 adiunxeritis
1923 4628 2076 4682 vestram
2093 4612 2197 4707 pie-'t

129 4718 175 4787 lis
195 4717 239 4784 de
257 4739 332 4784 uno
353 4727 535 4806 peccatore
559 4707 814 4800 poenitentiam
837 4719 978 4797 agente,
1003 4719 1038 4774 et
1059 4729 1126 4797 pro
1170 4724 1297 4794 tutem,
1321 4708 1502 4781 leniantur
1532 4707 1695 4799 publicae
1718 4711 1889 4784 miseriae,
1948 4711 2047 4785 Hm
2071 4690 2197 4810 005ss

130 4819 236 4888 nobis
259 4829 469 4906 precantur,
494 4825 531 4883 et
550 4810 675 4881 dolore
698 4807 914 4879 adlicirmtur
936 4807 976 4876 in
996 4806 1127 4878 nostris
1172 4814 1279 4882 tanda
1294 4825 1376 4881 sunt
1393 4813 1429 4879 in
1451 4805 1507 4880 bis
1521 4810 1720 4884 funeribus.
1771 4809 1982 4904 ipsidiam,
2003 4816 2197 4905 interitus?

131 4916 398 5001 calamitatibus,
423 4929 459 4987 et
473 4912 603 4985 multas
618 4909 813 5003 depellunt.
855 4908 1049 4980 Discedunt
1063 4931 1126 4978 au·
1172 4909 1281 4983 buius
1298 4926 1437 4982 sanctae
1460 4925 1642 4982 matronae
1665 4913 1770 5008 quale
1783 4918 1982 5009 exemplum
1995 4919 2058 5001 sit,
2084 4944 2176 4991 con·
2195 4938 2197 4945 '

23 5015 28 5021 ’
131 5035 203 5093 tem
229 5018 380 5089 maxime
396 5015 524 5087 offensi
538 5007 735 5108 prophanis
751 5009 996 5095 sermonibus,
1023 5032 1127 5103 spur·
1174 5016 1341 5086 siderate:
1374 5011 1513 5099 Mater,
1536 5029 1700 5106 superata
1715 5015 1838 5087 labore
1856 5033 1995 5110 partus,
2017 5022 2197 5127 exurere,

132 5122 219 5196 eicie
242 5135 277 5191 et
303 5118 511 5191 latrociniis.
562 5114 647 5186 Ideo
668 5127 710 5184 ut
731 5113 819 5183 tales
849 5112 1012 5181 custodes
1041 5111 1125 5205 reti-
1172 5119 1271 5187 foetu
1285 5114 1440 5184 simulet
1457 5114 1532 5206 ipsa
1546 5114 1765 5213 extinguitur
1780 5116 1831 5188 sic
1854 5121 2087 5193 metuendum
2109 5136 2197 5209 est,'·

132 5246 301 5305 neamus,
326 5220 438 5290 simus
456 5218 626 5303 modesti,
651 5214 737 5287 casti
752 5228 788 5284 et
809 5213 847 5282 in
863 5213 1031 5283 omnibns
1054 5214 1129 5303 pie·
1175 5217 1329 5288 extincto
1345 5216 1433 5286 flore
1442 5216 1584 5308 piorum
1599 5217 1705 5287 simul
1713 5215 1986 5312 Rempublicam
2005 5220 2197 5299 interitu·'

133 5326 214 5399 tatis
231 5322 355 5394 officiis
370 5318 482 5410 magis
496 5319 622 5393 seduli.
672 5313 837 5388 Dataein
851 5316 939 5386 sesto
953 5326 1127 5385 castorum
1175 5343 1251 5389 ram
1284 5341 1370 5391 esse.
1433 5318 1506 5389 Sed
1537 5330 1574 5388 te
1604 5341 1763 5405 oramus,
1802 5323 2031 5414 omnipotens
2061 5321 2177 5415 Deus,

134 5428 374 5520 Angelorum,
399 5445 495 5495 anno
519 5415 629 5496 tots.
1176 5437 1317 5493 aeterne
1332 5432 1433 5515 pater
1446 5418 1587 5492 domim
1607 5420 1721 5493 nostri
1734 5418 1814 5494 lesu
1829 5416 1983 5513 Christi,
2007 5428 2177 5503 conditor
