4734 6214
206 293 250 368 tl
445 279 450 288 ’
789 281 1229 367 urtsuouanuut
1282 279 1479 372 emim.
1534 291 1668 370 ests.
1950 327 1956 332 -
2206 295 2252 369 ιο

203 465 377 556 Coierus,
401 463 525 542 etalii.
574 458 765 538 Decretum
782 476 834 536 est
848 475 890 534 nt
904 461 1085 534 doctrinae
1099 458 1202 555 puri·
1254 465 1474 560 recipiantur
1487 467 1719 560 corruptelae,
1744 488 1833 562 quas
1847 465 2006 538 continet
2021 463 2113 536 liber
2128 463 2252 558 Augu.

203 593 257 648 tas
281 575 320 644 in
344 569 513 644 Ecclesiis
542 569 754 653 retineatur,
786 591 852 638 nec
882 565 1100 656 recipiantur
1122 587 1202 634 cor·
1254 581 1387 644 stanus.
1439 566 1685 642 interfuerunt
1704 569 1955 640 deliberationi
1973 564 2137 640 homines
2159 571 2252 641 inte-

203 677 363 770 ruptelae
382 695 469 766 quas
490 671 648 742 continet
664 663 708 740 τὸ
733 663 886 764 βιβλίον
908 670 978 739 τοῦ
1001 659 1201 766 μαρρίτου.
1254 673 1308 764 gri
1324 665 1576 760 Einsidelius,
1598 660 1892 770 Christuphorus
1907 695 1932 742 ο
1946 665 1986 744 T
1984 665 2203 742 outenheim
2218 685 2253 742 et

204 779 317 872 Spero
335 776 444 866 igitur
459 774 591 844 exitum
611 784 807 842 conventus
822 764 1021 864 Mysorum
1039 783 1073 840 et
1089 770 1129 838 in
1145 763 1202 837 his
1254 774 1336 858 alii,
1362 798 1516 870 quorum
1532 775 1679 844 nomina
1693 799 1810 850 coram
1826 774 1994 846 recitabo.
2042 771 2183 846 Pastori
2197 797 2254 844 sa-

204 879 410 972 regionibus
430 872 669 946 Ecclesiamm
691 873 771 964 paci
799 873 1026 972 profuturum
1047 894 1140 954 esse,
1168 881 1202 940 et
1254 877 1364 948 lutcm
1395 889 1576 968 optamus,
1612 891 1647 948 et
1675 879 1779 950 vobis
1807 877 1987 949 omnibus.
2037 872 2135 947 Bene
2165 875 2255 952 vale.

204 981 364 1074 exemplo
380 978 516 1048 vicinos
529 975 831 1047 confirmaturum.
865 970 964 1042 Haec
976 975 1069 1064 leges
1083 985 1117 1043 et
1126 970 1203 1043 Do-

204 1085 304 1168 mino
319 1075 475 1152 Pastori
489 1091 525 1150 et
540 1077 685 1148 caeteris
701 1076 849 1160 amicis,¹
864 1099 1017 1168 quorum
1040 1075 1202 1146 omnium
1257 1094 1264 1104 ·

204 1185 296 1258 votis
314 1197 349 1255 et
362 1182 524 1276 precibus
540 1178 783 1250 commendari
798 1200 863 1248 nos
877 1173 1112 1248 etEcclcsiam
1126 1175 1201 1247 Deo

204 1289 382 1360 nolumus.
433 1281 537 1353 Nunc
562 1279 705 1352 brevius
726 1279 864 1365 scribo,
893 1280 979 1372 quia
1000 1279 1068 1348 alia
1092 1302 1202 1370 quae-

203 1393 286 1462 dam
304 1385 550 1479 componenda
566 1395 660 1456 sunt.
700 1380 795 1462 ¹Vult
810 1381 890 1452 aula
906 1395 940 1451 et
954 1403 1072 1450 causas
1087 1379 1202 1450 nostri
1253 1415 1322 1491 Νο.
1339 1415 1452 1491 4285.

126 1547 129 1558 .
205 1491 329 1564 iudicii
347 1489 416 1559 sibi
433 1486 538 1559 mitti.
581 1481 715 1554 Errant
730 1483 879 1554 omnino
894 1484 955 1576 qui
970 1482 1101 1553 fucosis
1116 1506 1202 1551 con·
1260 1513 1433 1542 Μ

204 1591 445 1664 ciliationibus
467 1585 547 1658 tolli
563 1587 707 1656 dissidia
724 1585 762 1654 in
783 1581 939 1654 Ecclesia
956 1608 1059 1676 posse
1080 1583 1202 1654 existi-

182 1699 185 1710 '
204 1707 322 1778 mant,
346 1691 431 1786 quia
453 1702 574 1759 manet
589 1689 724 1758 bellum
742 1682 935 1759 ἄσπονδον
956 1687 1050 1757 inter
1066 1683 1203 1755 Diabo-

204 1799 281 1868 lum
302 1808 338 1866 et
355 1793 489 1863 Filium
504 1789 590 1876 Dei,
612 1801 654 1860 nt
678 1790 848 1882 scriptum
874 1801 945 1859 est:
972 1783 1202 1857 Inimicitias

202 1919 341 1996 penum
361 1892 456 1963 inter
478 1899 675 1988 serpentem
702 1899 734 1960 et
754 1913 874 1960 semen
895 1886 1072 1959 mulieris.
1123 1885 1202 1958 Oro

127 2061 132 2072 .
204 2013 325 2072 autem
347 1993 483 2070 Filium
503 1991 592 2078 Dei,
616 2007 657 2064 ut
680 2006 819 2078 nostras
842 2005 978 2061 mentes
1000 1992 1039 2059 in
1064 1992 1203 2060 conses-

205 2103 306 2172 sione
338 2112 373 2170 et
404 2096 638 2187 explicatione
665 2095 823 2164 veritatis
849 2107 947 2184 regat
981 2108 1015 2163 et
1042 2093 1202 2165 adiuvet.

203 2199 397 2296 Postquam
430 2191 625 2291 Augustae
662 2197 883 2267 resciverunt
922 2189 965 2266 τὸ
999 2187 1204 2291 κεφάλαιον

204 2299 288 2398 περὶ
306 2293 575 2392 δικαιοσήνηςο
592 2291 700 2389 me*)
718 2293 972 2388 reprehensum
988 2320 1071 2382 esse,
1097 2298 1204 2366 mise-

204 2419 290 2476 runt
306 2393 581 2496 ἐπανόρθωσιν,
608 2424 698 2492 quae
714 2401 783 2469 fuit
798 2389 954 2491 ineptior
968 2399 1075 2472 libro.
1126 2396 1204 2467 Ho-

204 2508 288 2601 spiti
311 2517 434 2574 nostro
465 2515 500 2570 et
520 2494 696 2570 Fabricio
721 2514 817 2592 grata
842 2503 912 2571 suit
941 2514 1001 2570 tua
1029 2501 1205 2583 salutatio,

204 2605 268 2683 καὶ
289 2597 521 2693 ἀσπάζονταί
534 2623 574 2674 σε
590 2595 724 2684 πάντες
745 2599 780 2674 οἱ
797 2601 880 2698 παρ’
897 2597 990 2696 ἡμῖν
1007 2596 1205 2674 σπουδαῖοι

205 2705 351 2804 ἄνδρες.
390 2705 529 2777 Nostris
545 2705 690 2774 familiis
706 2706 854 2776 salutem
871 2719 967 2798 opto.
1004 2703 1101 2774 Bene
1116 2704 1205 2774 vale.

204 2812 273 2884 Die
289 2811 324 2885 4.
340 2807 434 2882 lulii.
460 2806 592 2890 †anno
606 2804 703 2876 1648
714 2805 741 2880 “.

220 3159 289 3236 Νο.
308 3155 424 3234 4284.
485 3162 494 3172 '

210 3257 424 3293 “a

847 3161 880 3226 6.
900 3155 959 3220 lul.
990 3157 1173 3240 (hlisniae.)

813 3251 1198 3292 W

541 3343 611 3430 M.
647 3344 871 3432 Crudelio.

1255 978 1397 1050 Misnae
1414 975 1451 1056 5.
1468 977 1552 1050 Iulii
1571 975 1681 1068 1548.
1718 993 1720 998 '

1758 1076 1948 1175 Philippus
1975 1077 2201 1155 Melantbon.

1941 1288 2250 1304 -nm

1898 1433 1931 1494 6.
1955 1421 2015 1488 lut.
2045 1424 2060 1512 (
2071 1419 2228 1516 Mimiae.)

1629 1583 1684 1672 P.
1703 1585 1870 1672 Edem.

1324 1745 1424 1802 Manlii
1449 1748 1548 1818 tarrag.
1575 1766 1604 1818 p.
1622 1747 1683 1804 860.
1726 1745 1811 1820 Epist.
1836 1745 1883 1802 lib.
1904 1745 1938 1800 ll.
1963 1764 1990 1815 p.
2004 1745 2064 1798 175.
2088 1745 2146 1808 (ed.
2165 1745 2255 1799 Lond.

1358 1816 1407 1871 lib.
1419 1816 1453 1875 ll.
1472 1837 1514 1890 ep.
1528 1817 1599 1886 165.)
1633 1816 1821 1890 Apographou
1838 1815 1868 1870 in
1886 1814 1946 1870 cod.
1964 1813 2049 1870 Goth.
2064 1815 2121 1869 190.
2140 1835 2165 1885 p.
2176 1815 2235 1872 165.

1544 1969 1600 2050 D.
1626 1967 1782 2044 Paulo
1808 1969 1959 2042 Ebero

1256 2093 1306 2184 S·
1329 2111 1375 2186 D.
1427 2109 1539 2204 Spero
1563 2123 1599 2182 te
1621 2111 1792 2202 accepisse
1808 2134 1925 2179 meam
1948 2107 2131 2200 epistolam
2149 2133 2256 2201 quam

1256 2213 1347 2282 istuc
1362 2215 1607 2305 perferendam
1623 2213 1706 2282 dedi
1719 2212 1851 2281 nuncio
1867 2205 2108 2293 Northusano,
2131 2210 2256 2302 inqua

1257 2315 1452 2404 significavi
1474 2316 1551 2406 pias
1572 2313 1764 2385 sententias
1788 2337 1806 2383 a
1830 2313 1974 2382 delectis
1995 2337 2035 2380 ex
2058 2311 2256 2382 Nobilitate

1257 2431 1356 2488 etex
1380 2417 1583 2488 civitatibus
1606 2417 1716 2485 dictas
1740 2438 1824 2487 esse.
1877 2413 1991 2482 Video
2015 2415 2254 2504 plurimorum

1258 2519 1474 2615 voluntatem
1491 2519 1585 2610 piam
1602 2531 1636 2588 et
1650 2513 1837 2586 honestam
1854 2539 1937 2587 esse.
1973 2515 2044 2584 Nec
2059 2541 2123 2598 nos
2140 2516 2254 2584 disce-

1257 2621 1375 2690 dimus
1388 2621 1433 2690 ab
1449 2643 1489 2690 eo
1507 2616 1650 2712 script'o,
1676 2621 1772 2713 quod
1790 2617 1868 2686 istic
1882 2619 2060 2686 communi
2077 2618 2253 2686 delibera-

1258 2722 1356 2792 tione
1378 2723 1611 2814 compositum
1628 2735 1691 2794 est.
1741 2718 1847 2790 Nunc
1871 2719 1984 2788 iussus
2009 2743 2087 2788 sum
2107 2719 2254 2788 recitare

1259 2824 1434 2914 copiosius
1456 2825 1644 2894 articulum
1672 2813 2033 2917 περλιλλκαιοσήνης,
2058 2821 2256 2913 quodiam,

1258 2925 1342 3019 quia
1366 2925 1566 2996 existimant
1586 2925 1826 2996 narrationem
1850 2925 1963 2994 literis
1988 2925 2033 2992 ad
2059 2922 2258 3014 Imperato-

1257 3051 1332 3098 rem
1349 3029 1548 3098 addendam
1567 3050 1660 3112 esse,
1675 3029 1775 3120 'quae
1799 3039 1966 3116 exponat,
1994 3026 2110 3117 qualis
2126 3026 2172 3094 sit
2189 3027 2259 3094 do-

1257 3131 1390 3214 ctrina,
1416 3129 1531 3222 etqui
1550 3129 1639 3198 ritus
1654 3123 1780 3197 harum
1797 3125 2048 3197 Ecclesiarum.
2098 3124 2152 3196 De
2174 3127 2259 3198 lite-

1256 3233 1306 3302 ris
1328 3226 1422 3327 πρὸς
1442 3223 1717 3326 αὐτοκράτορος
1731 3221 1934 3325 φρόνησιν,
1961 3225 2261 3321 reprehendenda

1257 3347 1308 3403 est
1328 3327 1535 3426 κακοήθεια
1556 3327 1764 3416 hominum,
1796 3333 1859 3423 qui
1878 3346 2069 3424 excerpunt
2092 3356 2182 3424 quae
2203 3354 2262 3402 ca-

1202 3522 1205 3530 ,
1256 3429 1409 3530 xent*),
1436 3460 1475 3504 ea
1491 3459 1581 3528 quac
1595 3433 1722 3504 lortius
1739 3433 1918 3514 dicuntur,
1945 3434 2140 3522 negligunt.
2183 3433 2261 3503 Sed

304 3521 391 3596 Epist.
410 3519 457 3575 lib.
470 3515 505 3573 V.
524 3537 551 3590 p.
566 3517 619 3576 ³82
629 3537 669 3593 sq.

257 3675 421 3752 Μστσο
448 3671 699 3764 Crudelio,
731 3676 960 3772 gubernanti
983 3672 1151 3748 sedulam

619 3775 782 3874 Targae.

206 3909 253 3998 S.
276 3925 320 3998 D.
371 3925 482 4018 Saepe
513 3919 721 3998 hisdiebus
756 3929 906 4020 cogitavi
940 3931 983 3998 de
1015 3951 1203 4018 congressu

205 4025 361 4111 Mariae,
386 4025 572 4098 Elisabeth
596 4046 630 4101 et
652 4029 803 4100 aliorum
825 4032 985 4122 piorum,
1012 4055 1092 4100 cnm
1118 4021 1204 4099 haec

106 4159 114 4172 =
205 4125 354 4200 historia
370 4129 410 4199 in
424 4131 555 4223 templo
571 4133 787 4206 recitaretur.
830 4131 878 4205 Ut
895 4129 991 4202 hurrc
1006 4133 1100 4202 inter
1116 4131 1203 4200 assi-

206 4235 275 4300 dua
292 4231 490 4317 latrocinia,
516 4247 634 4302 tamen
649 4257 748 4304 suam
766 4230 960 4304 Ecclesiam
977 4251 1010 4306 et
1027 4235 1106 4302 illas
1122 4235 1203 4328 pul-

179 4325 182 4334 ’
207 4328 400 4406 cherrimas
421 4335 588 4406 mulieres
609 4333 888 4427 protexitDeus,
915 4361 993 4406 cum
1018 4339 1114 4406 nulla
1139 4331 1203 4404 ha-

206 4437 331 4506 berent
357 4429 513 4505 humana
542 4438 732 4526 praesidia:
767 4435 820 4508 lta
844 4462 1041 4530 speremus,
1068 4437 1201 4508 Filium

206 4533 274 4604 Dei
290 4559 386 4606 nunc
402 4561 542 4631 quoque
558 4551 592 4608 et
608 4561 680 4608 esse
695 4553 729 4609 et
743 4539 818 4609 fore
834 4542 1013 4610 custodem
1025 4539 1203 4610 Ecclesiae

207 4661 302 4722 suae,
330 4651 364 4707 et
380 4639 533 4708 tiliarum
550 4655 766 4724 nostrarum,
792 4655 826 4710 et
840 4657 1002 4712 coetuum
1020 4637 1204 4710 scholasti·

207 4763 348 4824 corum,
374 4741 436 4834 qui
452 4739 793 4829 discuntEvangelii
810 4767 943 4815 vocesn.
981 4739 1047 4825 Et,
1073 4757 1114 4813 nt
1131 4767 1204 4813 ser-

205 4855 265 4910 vet
281 4862 365 4925 nos,
387 4841 479 4912 veris
495 4842 587 4914 votis
603 4857 773 4935 petamus.
816 4841 857 4911 ln
877 4859 1065 4924 conventu,
1093 4847 1203 4915 bene-

150 5025 160 5032 ,
206 4943 286 5012 ficio
311 4941 397 5028 Dei,
421 4939 589 5014 honestae
613 4958 647 5014 et
670 4945 748 5038 piae
771 4947 965 5014 sententiae
988 4947 1101 5017 dictae
1121 4959 1205 5018 sunt

207 5067 226 5112 a
243 5043 387 5114 delectis
406 5069 445 5114 ex
462 5045 648 5116 nobilitate
666 5059 753 5116 etex
775 5045 996 5131 civitatibus,
1023 5071 1068 5116 ne
1089 5065 1205 5119 mute-

206 5159 266 5215 tur
282 5171 351 5215 τοι
366 5141 551 5236 Evangelii
567 5170 696 5218 sonans
712 5149 749 5216 in
765 5143 933 5224 Ecclesiis
949 5151 1090 5224 nostris.
1133 5147 1206 5219 Nec

202 5343 426 5362 a*

240 5459 270 5530 *l
291 5457 372 5515 reue
392 5465 418 5512 et
437 5474 492 5512 me.
531 5453 602 5512 eet.
616 5453 700 5514 eost.
721 5457 777 5512 190.
788 5458 903 5526 mittit.

1258 3538 1383 3607 usitata
1407 3553 1457 3608 est
1482 3531 1567 3606 haec
1591 3535 1817 3628 perversitas,
1846 3549 1879 3604 et
1902 3537 2087 3605 obruenda
2110 3535 2263 3610 virtute.

1258 3635 1327 3730 οὐχ
1355 3634 1437 3732 ὁσίη
1458 3635 1564 3738 γενεὴ
1583 3633 1681 3710 κακὰ
1702 3630 1852 3730 ῥάπτειν
1876 3631 2093 3730 ἀλλήλοισιν.
2145 3634 2263 3725 Quod

1259 3734 1452 3809 Marchiei
1481 3741 1632 3810 describi
1664 3741 1791 3811 volunt
1826 3731 2029 3834 Sphingem
2063 3735 2265 3831 Augusta-

1258 3867 1362 3923 nam,
1389 3847 1418 3911 si
1436 3843 1513 3912 istic
1535 3841 1732 3932 exemplum
1754 3835 1908 3925 habetis,
1933 3840 2002 3923 †et
2022 3865 2123 3930 spero
2148 3841 2264 3912 Sten-

1257 3948 1416 4015 dananos
1430 3937 1488 4036 **)
1504 3943 1728 4032 descripsisse
1738 3943 1769 4028 '¹3
1798 3967 1928 4036 quaeso
1951 3958 1991 4012 ut
2015 3944 2064 4012 eis
2082 3944 2265 4033 gratifice-

1257 4048 1317 4118 ris.
1369 4045 1580 4118 Reverendo
1605 4045 1751 4116 domino
1768 4037 1922 4114 Pastori
1936 4057 1966 4112 et
1990 4040 2028 4116 V
2029 4041 2099 4129 ito,
2126 4059 2159 4115 et
2176 4071 2267 4118 cue-

1257 4149 1342 4220 teris
1379 4148 1502 4218 amicis
1536 4173 1576 4218 ac
1611 4155 1752 4218 nostrae
1774 4147 1941 4216 'sztrrsiliae
1974 4147 2122 4217 salutem
2158 4166 2266 4238 opto.

1255 4251 1360 4322 Nunc
1385 4251 1480 4320 enim
1501 4250 1665 4342 pluribus
1688 4249 1841 4319 scribere
1867 4273 1941 4318 non
1966 4263 2134 4339 poteram.
2185 4248 2267 4322 Dic

1256 4356 1291 4428 6.
1308 4351 1401 4426 ΙιιΙῐί.
1428 4349 1558 4433 †anno
1573 4347 1670 4422 1548
1683 4349 1707 4420 ⁸³.

1255 4689 1321 4763 No.
1338 4688 1448 4760 4286.

1260 4787 1432 4816 Μ

2092 4695 2143 4775 (6.
2164 4693 2253 4779 tur.)

2077 4787 2263 4818 m

1368 4873 1600 4961 Iudicium
1625 4872 1675 4953 V.
1701 4872 1758 4956 de
1782 4874 1899 4958 libro
1930 4873 2139 4960 Interim.

1324 5029 1435 5086 Editum
1453 5031 1483 5086 in
1501 5031 1575 5084 Actis
1595 5031 1735 5103 synodicis
1757 5033 1918 5102 germanicis
1938 5051 1964 5102 p.
1982 5029 2029 5086 158
2043 5051 2101 5104 sqq.
2144 5033 2268 5100 (Venio

1293 5141 1296 5156 .
1358 5101 1441 5156 latina
1468 5101 1497 5154 in
1524 5099 1601 5155 Actis
1627 5101 1725 5172 synod.
1754 5101 1829 5156 latin.
1861 5121 1886 5173 p.
1905 5103 1981 5172 214.)
2011 5127 2047 5142 -
2094 5101 2272 5178 Mauritius,

1258 5226 1466 5240 m

1291 5309 1322 5380 *l
1342 5309 1584 5368 enucleentur).
1603 5311 1761 5377 excipiunt,
1780 5313 1950 5380 quitassent.
1982 5311 2069 5368 bisul.
2086 5329 2270 5390 arrepunt,

1326 5397 1399 5447 quae
1409 5388 1559 5432 taxentur.
1593 5423 1596 5430 ,

1292 5461 1339 5530 *η
1357 5463 1460 5527 opinor
1477 5479 1530 5514 nos
1548 5463 1621 5514 iliud
1638 5457 1817 5532 Stendutiue,
1834 5461 1921 5518 Mani.
