4680 6220
7 182 12 317 l

91 334 144 426 nt
664 321 1097 422 nrtsrdnanuu
1159 343 1264 422 nm.
1291 343 1356 421 x1.
1410 340 1543 426 esea.

87 517 148 590 iliis
166 500 340 608 pagellis,
376 525 527 607 quarum
558 513 715 604 exempla
738 496 877 584 mittere
898 507 1078 582 Frane'icis

2055 355 2128 432 tta

1130 508 1252 602 lingua
1274 509 1457 602 superiore
1478 525 1661 606 utcunque
1680 514 1782 610 loqui
1807 523 1969 609 possent,
2001 521 2127 592 ambo-

5 629 7 714 ᾗ
89 619 280 692 Pectoribus
295 616 457 710 potestis.
507 613 595 704 Legi
610 629 728 684 autem
740 612 928 704 Fcancicos
945 615 1078 684 articu-
1109 615 1196 705 {bus
1210 609 1268 684 hic
1283 615 1505 712 conditiones
1524 617 1563 684 in
1586 617 1769 710 aliquiBus'
1782 617 1953 693 Ecclesiis
1970 634 2130 693 curasse*

94 723 153 806 los,
169 719 358 814 inquibus
374 718 546 812 quaedam
563 717 775 806 generaliter
790 729 824 788 et
838 717 1002 806 ambigue
1017 717 1076 786 di-

1110 721 1218 790 mus.
1270 713 1342 787 Sed
1363 717 1445 809 quia
1467 739 1589 788 eorum
1610 717 1771 808 linguam
1792 723 1945 814 populus
1969 747 2043 794 non
2069 724 2128 792 in-

98 837 147 908 cta,
166 824 275 892 rideo
296 833 334 892 et
355 820 551 913 periculosa
575 831 610 888 et
625 819 746 890 odiosa
764 839 852 890 esse:
873 821 934 888 sed
957 831 1076 890 tamen
1108 817 1272 907 uelttgu,
1307 819 1458 890 alterum
1488 831 1626 890 tantum
1649 821 1880 915 retinuimus,
1916 827 1974 896 cui
1992 825 2128 896 victum
2227 836 2232 842 '

96 920 161 994 nibil
182 922 406 994 nominatim
427 920 664 1014 praecipitur,
700 923 796 1015 quod
830 933 964 1012 pugnet
996 943 1075 990 cum
1128 920 1167 988 in
1182 921 1360 990 academia
1376 921 1596 1008 curabimus3
1626 923 1776 993 alterum
1799 927 1843 994 ad
1862 949 1925 996 vos
1942 927 2127 1012 mittimus,

92 1027 231 1098 docuina
252 1019 497 1096 Ecclesiarum
519 1031 735 1094 nostrarum.
786 1021 986 1093 Tollantur
1008 1045 1077 1090 rrn-

89 1131 203 1200 tiones
229 1141 266 1198 et
289 1121 437 1211 Canon,
469 1124 551 1194 ideo
571 1124 690 1216 potius
715 1123 822 1194 velim
848 1142 923 1194 esse
944 1145 1077 1208 suasor,

87 1230 180 1302 atilli
197 1227 345 1300 articuli
358 1227 576 1319 recipiantur
591 1225 666 1295 sine
681 1225 802 1321 aliqua
818 1225 980 1315 longiore
990 1248 1078 1295 con-

86 1333 252 1412 tentione,
288 1350 396 1424 quam
415 1343 456 1400 nt
478 1330 686 1398 deserantur
707 1324 898 1402 Ecclesiae.
959 1325 1077 1399 Unius

84 1837 251 1914 admoniti
264 1834 469 1908 Consiliarii
483 1833 679 1928 Principis,
703 1858 778 1904 non
802 1837 976 1926 gravatim
995 1859 1076 1905 mu-

83 1957 205 2014 taturos
229 1963 305 2010 csse
327 1933 418 2008 hanc
431 1937 655 2031 particulam.
705 1935 779 2032 lpsi
792 1937 898 2007 etiam
915 1935 1077 2007 Pastores

85 2047 224 2115 dooeant
244 2039 440 2134 populum,
465 2052 507 2110 ut
526 2061 564 2108 se
585 2033 800 2134 exuscitet⁴)
820 2040 866 2108 ad
891 2038 1076 2128 cogitatio-

83 2169 154 2216 nem
176 2143 374 2214 verborum
395 2134 530 2214 Christi
554 2140 593 2210 in
614 2137 689 2232 ipsa
707 2139 900 2226 concione,
926 2149 962 2210 et
984 2151 1077 2209 r'ecte

87 2248 240 2318 erudiant
262 2242 456 2336 populum,
488 2243 568 2312 dari
583 2243 826 2314 remissionem
849 2251 1099 2333 peccatorum·

89 2375 150 2420 non
177 2365 325 2441 propter
353 2339 447 2414 banc
473 2343 804 2425 manducationem,
838 2345 901 2414 sed
930 2354 1077 2434 propter

89 2453 184 2522 ilium
199 2447 271 2519 Dei
287 2467 430 2540 passum
445 2458 480 2516 et
493 2445 750 2518 resuscitatum.

171 2551 279 2624 Hanc
292 2571 378 2618 vero
393 2547 703 2617 manducationem
719 2547 848 2638 pignus
863 2569 956 2634 esse,
977 2545 1078 2638 testi-

92 2655 183 2724 bcans
197 2673 281 2724 vere
295 2649 403 2720 nobis
419 2649 497 2718 dari
516 2646 701 2720 beneficia⁵
711 2644 728 2742 )
740 2649 806 2718 filii
820 2647 900 2722 Dei.
951 2645 1006 2718 De
1022 2643 1078 2718 his

98 2757 184 2824 rebus
196 2777 277 2826 eum
292 2752 477 2822 docendus
490 2751 535 2820 sit
549 2752 721 2842 populus,
745 2757 835 2842 opus
851 2763 903 2820 est
916 2774 1078 2841 pronun-

99 2855 172 2924 ciari
183 2857 281 2926 rerba
296 2854 337 2922 in
351 2851 473 2943 lingna
490 2853 624 2944 populo
637 2852 828 2924 intellecta.
878 2848 976 2921 Haec
994 2875 1077 2922 eru-

90 2958 150 3026 diti
162 2955 337 3049 copiosius
351 2955 530 3024 declarare
546 2967 707 3046 possunt.
758 2945 916 3021 Accedat
932 2944 1077 3020 verbam

86 3051 135 3128 ad
150 3056 366 3128 elementum
396 3063 428 3124 et
438 3049 491 3148 fit
513 3051 807 3126 Sacramentum.
866 3051 948 3124 Sint
971 3043 1079 3144 igitur

84 3163 180 3232 rerba
194 3173 231 3232 et
246 3160 383 3253 populo
403 3169 508 3238 nota,
533 3170 575 3227 ut
591 3157 663 3227 sint
687 3155 823 3226 occasio
840 3154 1018 3242 cogitandi
1035 3155 1079 3224 de

82 3264 212 3334 mtione
228 3259 462 3335 sacramenti.
513 3255 639 3329 Mense
656 3255 822 3330 Ianuario
840 3249 999 3350 1549⁰).

1129 1035 1232 1114 teque
1254 1035 1400 1114 propter
1414 1017 1597 1092 Christum
1618 1047 1723 1114 rogo,
1756 1041 1797 1097 ut
1818 1050 1898 1096 eum
1921 1028 2072 1118 excipias
2094 1043 2128 1099 et

1129 1123 1222 1192 ciali
1250 1147 1329 1192 uem
1345 1123 1473 1194 nidum
1488 1148 1599 1195 cures.
1651 1124 1811 1212 Poteris,
1837 1130 1983 1220 opinor,
2009 1129 2049 1198 in
2066 1153 2128 1197 ve-

1129 1225 1209 1294 stris
1226 1148 1394 1294 ilcclesiis
1409 1226 1484 1295 eius
1499 1225 1675 1298 industria
1691 1242 1727 1300 et
1741 1229 1863 1300 labore
1875 1218 1987 1329 uti*).
2013 1231 2048 1307 d.
2066 1229 2128 1308 15ι

1109 1323 1112 1378 ἶ
1129 1325 1325 1418 Septembr.
1341 1328 1436 1398 anuo
1456 1321 1635 1424 1548.**)

86 1432 214 1506 articuli
238 1431 525 1504 emendationem
549 1429 624 1522 peti
648 1423 823 1519 velim²)‚
848 1429 1013 1499 videlicet
1035 1441 1076 1499 ut
1109 1440 1111 1462 ¹

87 1537 177 1606 cerba
194 1529 477 1625 institutionis³)
494 1533 658 1620 legantur
679 1531 800 1620 lingua
817 1532 993 1602 intellecta
1010 1555 1077 1622 po-
1109 1586 1111 1630 Ι

87 1637 175 1732 pulo,
191 1635 279 1731 quia
293 1633 458 1726 cogitatio
474 1647 508 1704 et
528 1633 614 1702 fides
630 1633 755 1724 papuli
771 1631 904 1703 intueri
920 1633 981 1702 illa
995 1655 1076 1700 ver·
1107 1673 1108 1676 =

87 1739 122 1810 ba
138 1741 245 1809 debet
270 1737 311 1804 in
332 1737 408 1828 ipsa
432 1735 614 1807 concione.
664 1731 714 1804 Et
735 1735 863 1831 credo,
891 1733 1077 1804 siluerint
1109 1787 1111 1794 ,

1129 1717 1196 1793 Νο.
1222 1715 1338 1794 4557.

1135 1817 1348 1854 w..
1963 1729 2127 1851 see

1464 1919 1516 2008 V.
1550 1921 1797 2010 theodoro.

1197 2077 1276 2134 Edita
1295 2096 1310 2132 a
1330 2077 1463 2134 Sauberto
1477 2079 1506 2134 in
1527 2081 1644 2152 append.
1665 2099 1680 2132 e
1700 2101 1728 2152 p.
1742 2081 1790 2137 lib.
1805 2080 1851 2137 lV.
1866 2097 1895 2152 p.
1905 2079 1950 2138 84·
1985 2084 2129 2154 Artoger-

1231 2149 1305 2218 pbon
1318 2147 1456 2232 Philippi,
1474 2147 1521 2202 sed
1536 2151 1593 2204 sinc
1606 2101 1707 2222 pagelia
1720 2149 1840 2216 adiecta,
1853 2151 1971 2233 babetur
1983 2149 2012 2205 iu
2024 2151 2129 2204 biblio·

1231 2217 1307 2298 “³²⁰³
1328 2215 2129 2344 *tinniit-¹¹⁵·attattttlttttltltittt

1231 2286 1302 2410 iiiiii
1314 2285 1463 2424 ecpiditieis
1478 2373 1505 2426 p.
1517 2319 1578 2416 ib..
1596 2357 1643 2410 sed
1658 2355 1722 2410 satis
1735 2356 1874 2415 mendose.

1439 2505 1550 2584 Vita
1575 2474 1821 2584 Theodoro

1130 2637 1177 2736 S.
1202 2659 1249 2732 D.
1299 2657 1429 2734 Cariss.
1442 2658 1487 2734 V
1482 2661 1540 2740 ilc.
1579 2661 1719 2736 Fatales
1734 2687 1869 2756 poenae
1884 2678 2130 2754 suntmagnae

1130 2777 1166 2834 et
1185 2764 1303 2834 tristes
1326 2765 1521 2836 multorum
1549 2779 1755 2838 nostrorum
1777 2767 2007 2850 delictorum,
2042 2787 2130 2858 quas

1130 2869 1360 2950 sustinemus,
1388 2889 1474 2957 quas
1486 2879 1527 2935 ut
1541 2863 1638 2936 Deus
1652 2866 1781 2951 leniat,
1800 2880 1876 2938 toto
1892 2890 1972 2938 eum
1988 2880 2130 2958 pectore

1131 2990 1207 3039 oro.
1259 2965 1330 3036 Sed
1346 2966 1452 3051 scito,
1477 2967 1516 3035 in
1531 2964 1715 3038 Saxonicis
1728 2968 1879 3038 urbibus
1901 2967 2035 3060 ubique
2057 2990 2130 3036 una

1132 3089 1219 3136 voce
1254 3067 1431 3158 populum
1463 3069 1618 3136 execrari
1647 3064 1854 3160 Sphingem
1875 3064 2131 3158 Augustanam.

1131 3164 1210 3238 Etsi
1231 3181 1350 3238 autem
1372 3168 1496 3258 populi
1521 3169 1655 3239 iudicia
1677 3184 1711 3240 et
1727 3170 1929 3240 voluntates
1944 3191 2047 3260 saepe
2062 3169 2132 3236 im-

1132 3267 1278 3362 probari
1299 3283 1527 3353 necessust,
1567 3282 1688 3340 tamen
1710 3293 1808 3342 nunc
1828 3269 1975 3363 quidem
1997 3269 2038 3338 in
2066 3262 2132 3338 tali

1133 3392 1252 3455 causa,
1277 3370 1343 3440 ubi
1356 3369 1532 3442 invocatio
1548 3371 1588 3438 in
1603 3372 1784 3442 mentibus
1795 3371 1992 3440 multorum
2007 3366 2132 3444 turba-

1233 3471 1264 3540 si
1284 3471 1342 3540 fiat
1356 3471 1505 3558 insignis
1523 3472 1692 3555 mutatio,
1717 3469 1876 3561 prolecto
1893 3495 1968 3541 non
1984 3492 2130 3563 prorsus

1133 3573 1390 3644 contemnenda
1419 3594 1493 3642 esse
1521 3573 1648 3664 populi
1666 3572 1815 3658 iudicia,
1835 3573 1973 3642 sentio.
2036 3570 2132 3653 Scio,

1070 3685 1078 3704 '
1133 3687 1306 3768 quantum
1328 3673 1461 3743 malum
1481 3674 1544 3759 sit',
1570 3673 1648 3742 leve
1670 3673 1963 3766 impedimentum
1984 3674 2131 3743 invoca·

141 3951 269 4096 Edgb‘in
280 3952 382 4012 Manlii
400 3955 498 4028 bereg.
516 3971 544 4026 p.
563 3953 626 4013 ω.
662 3953 846 4029 Apagiapbon
863 3951 894 4010 in
912 3955 975 4014 eod.
991 3943 1077 4028 trag.

108 4157 225 4233 tneque
237 4159 266 4216 ln
280 4157 388 4218 Manlio
404 4161 536 4237 usquein
550 4159 614 4218 cod.
623 4157 708 4234 lang.
721 4157 801 4218 babet
814 4159 1043 4233 inscriptionem.)

510 4277 564 4362 N.
588 4279 643 4362 N.

77 4399 278 4491 Venerunt
290 4413 363 4490 buc
377 4419 450 4492 dno
467 4418 557 4490 boni
573 4431 608 4494 et
623 4417 718 4492 docti
733 4415 802 4488 viri
817 4440 858 4488 ex
873 4410 918 4488 F
914 4413 1081 4504 londria,

75 4523 135 4612 qni
154 4521 369 4602 narrabant,
395 4545 432 4592 se
448 4536 594 4614 propter
609 4523 777 4614 pietatem
792 4533 826 4592 et
840 4521 998 4592 studium
1014 4523 1080 4592 do-

75 4623 213 4694 ctrinae
235 4623 457 4714 evangelicae
481 4624 676 4694 deseruisse
705 4621 815 4692 vitam
837 4622 1079 4704 monasticam,

75 4745 155 4794 tum
181 4725 332 4796 fuissent
356 4722 595 4797 Franciscani.
652 4721 769 4795 Erant
792 4737 910 4794 autem
934 4725 1024 4796 nudi
1046 4735 1081 4794 et

76 4823 253 4922 egeam),
279 4849 388 4922 quare
402 4825 453 4896 eis
466 4825 583 4898 aliena
598 4825 811 4898 liberalitate
827 4845 916 4920 opus
927 4839 990 4898 en.
1037 4823 1081 4898 Si

77 4979 303 5010 *aa

103 5079 134 5146 2)
154 5075 231 5134 Cod.
245 5075 326 5136 bion.
344 5079 455 5135 aenean

102 5163 134 5232 1)
152 5165 352 5232 msam]
370 5162 433 5220 cod.
445 5163 527 5220 blau.
544 5163 774 5221 mendicata.

104 5249 135 5318 ⁴)
158 5249 233 5304 coa.
251 5249 332 5305 Mon.
351 5251 517 5306 ammone.

103 5332 135 5402 5)
152 5329 229 5390 coa.
245 5331 327 5388 Mon.
344 5333 517 5404 beneficiam.

102 5415 134 5484 6)
151 5415 686 5486 „n.tnn.1549’·daantcat.tton.

104 5501 135 5570 'l
156 5503 231 5560 eet.
246 5503 332 5576 tang.
350 5512 473 5574 egentes.

1132 3775 1252 3848 tionis.
1303 3769 1356 3844 Ac
1373 3796 1478 3846 sensu
1495 3773 1573 3868 ipso
1588 3769 1766 3870 comperi,
1790 3787 1943 3846 mortem
1962 3769 2055 3844 mihi
2077 3773 2132 3844 sa-

1132 3877 1291 3948 cilionem
1299 3872 1718 3972 fore¹)comprobutione
1726 3871 1955 3967 Augtastauac
1963 3869 2131 3976 upayydc.

1132 3977 1217 4050 Ideo
1233 4001 1308 4048 non
1322 3979 1512 4052 adsentiar.
1563 3975 1720 4052 Nuntius
1738 3978 1813 4071 ipse
1827 3978 1924 4050 testis
1940 4001 2012 4050 esse
2030 3987 2132 4070 pote·

1131 4081 1199 4167 cit,
1216 4082 1379 4152 nondum
1393 4081 1433 4150 in
1448 4077 1618 4150 Ecclesiis
1634 4075 1763 4151 haram
1776 4080 1964 4170 regionum
1980 4101 2132 4173 usquam

1131 4182 1365 4254 mutationem
1387 4183 1517 4252 factam
1534 4204 1620 4255 esse.
1670 4181 1787 4254 Deum
1799 4205 1883 4268 oro,
1907 4194 1949 4252 ut
1970 4195 2005 4252 et
2027 4181 2132 4250 dein-

1132 4306 1212 4377 ceps
1226 4306 1292 4354 nos
1305 4285 1494 4372 gubernet,
1519 4296 1680 4376 utquam
1696 4282 1844 4376 plurimi
1858 4303 1942 4355 vera
1964 4305 2046 4353 eum
2071 4281 2131 4350 in·

1131 4386 1315 4456 vocatione
1329 4385 1457 4456 colant.
1506 4381 1562 4454 De
1577 4383 1648 4454 tuis
1658 4378 1669 4410 ²
1678 4382 1694 4481 )
1703 4384 1969 4478 quaestionibus
1983 4403 2132 4474 respon·

1133 4489 1171 4558 di
1185 4489 1224 4555 in
1238 4487 1391 4579 pagella,
1416 4509 1523 4582 quam
1543 4484 1666 4559 adieci.
1717 4480 1885 4576 Optarim
1901 4485 2066 4577 quidem,
2092 4482 2130 4550 in

1133 4589 1301 4660 omnibus
1316 4589 1397 4680 plus
1413 4610 1486 4658 esse
1503 4583 1628 4658 iudicii
1644 4587 1918 4658 etconstantine.
1954 4583 2025 4654 Sed
2043 4583 2130 4676 quid

1132 4691 1213 4776 fiat,
1237 4690 1349 4766 vides.
1399 4686 1592 4760 Excusabit
1606 4709 1642 4758 se
1657 4685 1809 4760 Senatus
1827 4697 1941 4756 vester
1963 4684 2132 4776 exemplis

1132 4792 1238 4863 ctiam
1253 4791 1416 4877 illorum,
1431 4791 1542 4884 quiet
1559 4792 1603 4862 dc
1618 4789 1724 4860 rebus
1739 4787 1903 4880 pluribus
1915 4798 2133 4878 pugnarunt,

1132 4907 1168 4965 ct
1183 4893 1251 4964 visi
1270 4906 1354 4965 sunt
1377 4893 1582 4984 rigidiores,
1606 4889 1772 4962 videlicet
1788 4877 2131 4960 Constantiansium

1164 5179 1196 5248 *)
1215 5180 1286 5240 eoa.
1297 5179 1382 5254 Lang.
1399 5177 1525 5249 Poterit,
1543 5181 1657 5249 opinor,
1675 5180 1775 5234 amru
1788 5177 1910 5234 eadectc's
1920 5175 2037 5231 cavie.

1165 5259 1214 5333 *ἢ
1234 5261 1304 5320 cot.
1327 5262 1411 5386 lang.
1428 5263 1458 5318 d.
1481 5263 1522 5318 16.
1535 5264 1627 5330 Septi.
1644 5257 1733 5336 γ1530.Ι
1751 5265 1820 5335 (quo
1840 5271 1965 5332 tempore
1984 5273 2052 5316 vero
2063 5253 2131 5310 utet

1200 5332 1290 5388 adbuc
1301 5332 1383 5386 haece
1404 5343 1431 5388 at
1449 5333 1574 5403 Aegatae
1588 5331 1743 5400 Vindelici

1165 5417 1194 5484 1)
1203 5415 1296 5484 sorta]
1314 5414 1393 5471 babet
1406 5415 1566 5487 autognpb.
1584 5433 1615 5487 er
1627 5433 1733 5471 arare.

1164 5499 1199 5572 2)
1215 5499 1364 5558 &ubertus
1375 5500 1459 5557 edidit
1467 5501 1527 5574 ¹llis.
