4734 6214
162 313 225 466 xpp
701 293 973 375 ANNALES
1007 297 1194 377 vlTrlE
1229 303 1362 378 alal,
1419 303 1553 381 1550.
1595 307 1728 383 1551.

181 447 199 472 ἱ
210 423 271 582 gd.
306 505 464 572 Proelium
478 505 790 596 Magdabnrgaurlum
808 535 879 578 cam
893 521 992 600 copiis
1005 513 1134 602 Georgii
1149 515 1247 584 Dacis
1264 517 1494 605 Megapoiitaai.

309 627 500 797 lloicupruepssa
517 627 673 716 'l'beologl
687 631 938 720 Wilabergenset
953 638 992 700 ad
1004 635 1152 702 Senatum
1165 639 1427 726 limburgensem
1441 646 1576 705 scn'bnnt
1592 641 1630 703 de
1644 644 1846 703 conuocaria
1867 641 1905 703 de
1917 642 2059 711 1111111111
2071 643 2183 711 Christi
2196 648 2232 708 ad

198 815 273 886 Ort.

241 949 273 1008 t.
310 935 540 1002 Enarrationam
559 945 592 1002 iu
607 939 810 1008 Ecclesiasteu
830 945 911 1008 dicat
927 943 1086 1009 lcachimo
1103 945 1244 1010 bicllero.

311 1057 618 1141 Magdeburgemium
634 1068 782 1146 scriptum
794 1065 936 1130 adversus
954 1065 1100 1131 Carolum
1117 1065 1346 1150 Imperatorem.

217 1167 275 1227 ¹2·
310 1177 407 1240 intrat
426 1175 561 1262 Georgia
576 1175 750 1246 Anbaltiuo
768 1191 948 1248 concionem
964 1187 1002 1248 de
1018 1190 1120 1252 dioto:
1147 1208 1231 1248 nemo
1247 1193 1349 1268 ταμία
1365 1207 1436 1250 coer
1451 1209 1536 1250 near
1553 1209 1591 1250 cz
1603 1189 1738 1250 mdes
1754 1191 1839 1256 meto

217 1284 276 1347 13·
311 1293 451 1380 Lipsiam
467 1301 678 1382 proficiscitur.

217 1407 275 1468 27·
311 1413 501 1480 Stathmioni
515 1421 611 1480 mittit
623 1422 741 1484 tabulas
755 1422 794 1484 ad
808 1419 967 1504 Copernior·
979 1424 1150 1486 docuinam
1163 1427 1326 1486 multatas.

309 1538 379 1600 Hoc
394 1561 497 1600 mense
512 1537 665 1619 prodeunt
678 1538 886 1606 Melantbouis
900 1544 1020 1607 alicae
1032 1544 1191 1604 doara'm
1208 1540 1356 1604 elmar
1369 1557 1400 1605 et
1412 1549 1542 1606 narratio
1558 1547 1656 1625 qahta'
1668 1543 1742 1604 labri
1753 1541 1928 1604 Efficere·
1941 1540 2134 1640 An'ttotdit3
2159 1538 2233 1602 Ara·

360 1647 448 1704 touio
467 1639 605 1704 Burenio
624 1642 731 1707 dicata.

309 1757 408 1824 Item:
433 1759 675 1844 Magdeburgum
692 1765 846 1826 obsidettu
867 1787 885 1826 a
909 1770 1006 1848 copiis
1021 1764 1118 1828 Ducis
1132 1763 1361 1848 blegapolitani.
1415 1763 1493 1827 Μαι
1516 1778 1619 1827 aute·
1633 1767 1707 1827 belli
1728 1765 1869 1828 adverus
1882 1759 2148 1846 Μῶα-5111111
2165 1762 2233 1824 dux

361 1887 379 1926 a
395 1861 520 1928 Caesare
534 1871 730 1931 constituitur
745 1867 924 1948 Mauritius,
951 1867 1105 1932 Saxoniae
1118 1867 1211 1948 Dux,
1239 1867 1372 1930 Elector.

195 1971 276 2037 Noe.

217 2097 276 2159 ¹3·
308 2103 407 2168 Iulius
420 2099 480 2171 III.
497 2101 646 2170 Pontifex
659 2106 768 2169 indicit
785 2109 952 2169 concilium
969 2103 1107 2169 Trident.
1124 2107 1162 2167 ad
1179 2103 1326 2168 cat-ars
1339 2101 1417 2166 Maii
1431 2104 1613 2166 habendum.

197 2227 273 2292 Deo.

241 2335 276 2400 5·
309 2342 490 2404 blelautbon
505 2342 641 2404 editurus
659 2354 704 2405 est
718 2347 852 2404 camnine
864 2341 995 2422 Stigefr'r',
1021 2343 1162 2405 adiuncta
1177 2347 1314 2404 oratione
1328 2339 1457 2404 Bureuii
1472 2343 1510 2404 de
1526 2337 1654 2421 Maru,
1680 2337 1820 2423 Principe
1834 2336 2067 2424 llegrpoliuna,
2092 2353 2121 2402 et
2136 2344 2227 2404 altera

359 2445 465 2507 suade
481 2439 637 2526 iohanne,
664 2443 752 2508 Duce
769 2443 843 2512 Sex.
859 2442 1012 2509 Electore.

311 2559 385 2628 llet.
400 2575 485 2644 parat
500 2585 613 2625 novem
629 2563 795 2626 editionem
808 2568 880 2626 libri
894 2565 932 2626 de
946 2569 1056 2626 anima.

219 2675 277 2738 18·
310 2679 466 2744 Praefatur
479 2685 512 2744 in
526 2679 671 2744 Mencelr'i
684 2685 844 2766 epicedion
859 2681 970 2747 Ioanni
983 2679 1230 2764 spangenbergio
1246 2687 1402 2763 scriptum.

216 2796 275 2858 19.
310 2799 584 2882 blagdeburgensea
596 2803 710 2864 obsessi
726 2809 917 2884 eruptionem
932 2803 1066 2878 ficiunt,
1093 2813 1123 2861 et
1137 2807 1260 2884 capiunt
1275 2798 1395 2862 Ducena
1411 2797 1681 2880 illegapolianum.

215 2915 274 2978 20.
309 2917 489 2980 blelautbon
502 2921 655 3000 praefatur
671 2920 710 2983 ad
725 2919 906 3004 Philippum
920 2917 1040 2982 Ducem
1056 2916 1144 2984 Pom.
1162 2925 1195 2979 in
1213 2917 1347 2980 Tamum
1364 2915 1425 2982 lv.
1437 2939 1564 2998 operum
1576 2913 1707 2979 Lutheri
1723 2919 1971 2998 germanicorum.

309 3034 558 3122 Explicationem
572 3035 809 3102 Proverbiorum
825 3037 999 3103 Salomonis
1018 3041 1098 3102 dicat
1113 3036 1261 3114 Albona,
1287 3035 1369 3100 Daci
1386 3036 1624 3122 Megapolitanc.

1108 3366 1140 3438 Α
1150 3363 1268 3439 NNO
1305 3365 1436 3442 1551.

207 3469 274 3642 1¹:¹⁴·
309 3569 464 3636 Praefatur
479 3577 512 3636 in
526 3569 730 3638 Goldwurmii
747 3569 903 3659 „tbisstltia
926 3587 984 3640 tlon
1007 3569 1146 3654 3111111ῗῇ
1173 3571 1211 3631 ad
1227 3569 1408 3651 Philippum
1423 3567 1576 3633 Comitem
1590 3570 1824 3634 Nascaviensem.

212 3695 273 3754 ebt.

185 3691 211 3756 F
239 3799 275 3862 9.
310 3789 489 3854 blelanlhon
501 3806 532 3856 et
546 3790 734 3856 Camerarius
755 3799 986 3877 proficiscuntur
1002 3790 1149 3854 Dresdam
1166 3794 1356 3854 deliberaturi
1379 3813 1449 3854 cum
1464 3798 1570 3856 aulicis
1583 3795 1620 3856 de
1635 3792 1816 3878 quibusdam
1829 3791 2001 3854 doctoribus
2016 3793 2049 3854 iu
2063 3787 2228 3875 Synodum

361 3893 577 3958 Tridentinuna
591 3897 756 3958 mittendis.
781 3930 834 3944 —
885 3895 922 3990 ln
939 3903 1046 3956 itinera
1061 3900 1168 3957 salutat
1182 3892 1331 3959 Doctores
1344 3897 1465 3959 scholae
1479 3894 1640 3960 blisnensis
1655 3899 1786 3958 carmine
1801 3915 1918 3976 graeco.

310 4005 423 4072 Scribit
438 4015 552 4076 ibidem
567 4023 746 4078 sententiam
761 4035 846 4076 auam
863 4014 900 4074 de
913 4017 1044 4074 concilio
1059 4009 1196 4076 Trident.

215 4135 273 4200 18.
311 4125 484 4192 Dimittitur
497 4129 622 4214 Imperii
634 4144 801 4194 conventus
816 4131 973 4214 Augustae
988 4129 1114 4193 Vindel.

215 4253 275 4316 25.
312 4245 360 4310 De
375 4251 564 4311 ordinatione
577 4253 681 4312 scribit
693 4251 732 4312 ad
747 4247 943 4312 Academiam
957 4246 1194 4312 Pomeranicam.

215 4371 275 4434 27.
310 4365 448 4427 Bactrus
461 4373 591 4431 moritur
604 4365 811 4452 cantabrigiae
825 4374 859 4431 in
872 4368 1005 4450 Anglia,
1029 4380 1060 4428 et
1075 4367 1241 4428 honorifice
1255 4369 1408 4448 sepelitur.

185 4477 275 4546 liare

244 4609 275 4669 8.
311 4601 489 4664 llelantbon
503 4605 541 4664 ad
555 4601 785 4686 Goettingeusea
802 4607 840 4668 de
855 4611 1013 4669 vocatione
1028 4613 1235 4669 ministrorum
1251 4605 1334 4664 verbi
1349 4603 1455 4667 divini.

216 4707 275 4767 29.
311 4703 406 4765 1111111
423 4709 593 4766 orationem
609 4709 648 4768 de
663 4707 838 4786 Fridarr'co,
865 4707 951 4771 Duce
967 4708 1042 4776 sax.
1059 4709 1107 4771 El.

193 4813 272 4900 Apr.

213 4937 262 5002 24
310 4937 581 5006 concionatoribus
595 4943 900 5028 Argentoratenribm
914 4948 1017 5007 scribit
1031 4945 1068 5006 de
1081 4947 1197 5028 syuodo
1216 4947 1335 5020 futura,
1363 4964 1474 5025 eosque
1488 4951 1608 5018 monet,
1636 4951 1669 5000 ut
1685 4943 1716 5000 iu
1736 4951 1881 5022 promptu
1895 4940 2023 5003 babeant
2039 4957 2121 5003 auam
2139 4957 2222 5034 con-

359 5043 519 5106 fertionem
533 5049 615 5114 fedei.

214 5157 261 5218 ao
313 5155 1087 5246 ataraeearrpamagmecrraaeruaae
1138 5164 1204 5245 (cf.
1222 5159 1558 5245 eptateuchum.
1577 5151 1839 5239 actuata.)

199 5278 271 5346 tou

238 5409 270 5472 1·
308 5393 376 5454 fidit
394 5389 526 5456 lectt„
539 5397 577 5458 de
592 5403 735 5478 melagio,
760 5398 944 5464 dfedruaono
961 5405 1111 5479 dicatum
1137 5407 1239 5464 scribit
1254 5403 1291 5462 de
1306 5399 1508 5460 controversia
1517 5393 1672 5472 Osiandri,
1689 5407 1717 5456 et
1733 5397 1884 5474 praefatur
1899 5395 1937 5457 ad
1950 5391 2093 5457 lucabum
2103 5389 2223 5454 Came-

355 5499 496 5560 victuum
512 5505 545 5562 111
561 5499 629 5564 vat
643 5503 800 5566 Theodori
814 5511 1048 5587 explicationem
1065 5513 1231 5588 irrsiguiuru
1247 5508 1460 5566 sententiarum
1477 5523 1516 5560 ex
1530 5495 1644 5561 loanna
1660 5495 1774 5578 Etaug.
1792 5500 1996 5560 collectarum.
