4624 6216
225 303 301 378 927
366 425 370 434 1
787 303 1226 386 EPISTULARUM
1276 307 1495 386 mnxtt.
1551 313 1682 390 1552.
2163 319 2215 398 tn
2283 371 2284 410 .

224 479 314 562 siae,
337 495 406 546 nec
427 472 521 544 sinat
539 468 617 542 lieri
639 471 842 544 barbaricas
854 473 1080 548 vastationes.
1130 472 1227 546 Haec
1278 475 1379 548 volni
1398 499 1546 546 onerare
1561 500 1658 548 meos
1673 475 1824 568 collegas
1840 475 2010 570 periculo.
2057 477 2164 574 Scripsi
2173 486 2218 575 igi-

226 603 310 650 vero
323 576 469 668 gemitu,
495 576 783 667 deprecantem
798 577 903 646 nobis
919 577 992 646 lilio
1007 574 1089 665 Dei,
1115 591 1229 648 aeter·
1279 589 1338 650 tnr
1359 599 1439 648 meo
1463 577 1628 664 nomine,
1661 593 1694 650 et
1717 581 1847 650 multas
1869 603 1994 650 canses
2012 603 2165 653 narrarem
2181 611 2221 658 co-
2283 571 2284 654 l

224 701 314 752 unm
341 693 478 772 patrem
509 674 648 747 domini
679 680 794 748 nostri
820 676 902 748 lesu
928 675 1065 749 Christi
1094 703 1228 771 precor.
1279 703 1373 766 ram,
1412 703 1453 752 ac
1480 681 1510 749 si
1535 681 1576 750 in
1604 681 1763 752 editione
1786 683 1884 752 domi
1902 684 2064 770 fuissem,
2092 685 2222 758 leniissen

226 782 441 872 Noribergae
466 779 524 848 die
545 775 798 854 Conversionis
815 777 937 853 Sancti
954 779 1068 850 Pauli.
1118 779 1227 852 Anno
1279 783 1431 852 aliorum
1446 781 1756 876 subscriptionem.

226 883 376 956 Domini
393 880 447 959 M.
462 879 509 953 1).
523 879 602 958 Lll.

1380 915 1519 1010 Perlegi
1540 931 1643 990 tuum
1660 919 1848 1008 scripturo,
1873 934 1961 993 etut
1976 923 2094 994 monui
2108 921 2225 998 Prussis-
2283 967 2284 1002 l

1280 1041 1357 1106 cos,
1381 1033 1423 1091 ut
1438 1021 1482 1090 de
1498 1023 1624 1091 merito
1640 1015 1775 1092 Christi
1791 1037 2010 1114 pugnarent,
2041 1041 2073 1096 et
2087 1029 2126 1095 de
2139 1053 2227 1120 perpe-
2283 1045 2284 1050 ’

1280 1133 1340 1191 tua
1364 1123 1572 1192 remissione
1595 1123 1634 1191 in
1659 1116 1724 1192 hoc
1743 1123 1832 1210 vita,
1861 1149 1927 1196 nec
1943 1127 2091 1198 tolerent
2107 1153 2229 1218 praeseu-

1280 1223 1365 1292 tiam
1386 1223 1601 1295 divinitatis:
1635 1225 1685 1295 ita
1706 1225 1801 1294 idem
1827 1227 2094 1317 significandum
2116 1231 2167 1300 tibi
2181 1255 2230 1302 esse

227 1311 424 1446 Q.
853 1326 909 1394 26.
926 1317 989 1384 lan.
1016 1313 1178 1406 (Norinb.)
1280 1323 1385 1412 duxi3
1418 1337 1522 1422 teque
1550 1349 1634 1414 oro,
1667 1338 1708 1396 ut
1739 1347 1852 1398 meam
1881 1329 2150 1403 admonitionem
2172 1335 2232 1404 boni

805 1415 1228 1462 '‘ev-*⁸³
1281 1425 1456 1500 consulas.

614 1511 654 1598 Ῑ·
684 1511 841 1600 ῙΟΜΒ·
1382 1559 1539 1632 Maxime
1562 1561 1667 1656 cupio
1686 1577 1802 1634 tecum
1818 1565 1995 1660 colloqui,
2021 1581 2076 1652 et,
2099 1593 2166 1638 crim
2182 1595 2234 1664 spe·

295 1694 458 1764 uniamus
475 1691 568 1760 mass.
586 1693 684 1762 gaam.
704 1691 780 1750 1713,
797 1711 824 1766 p.
839 1691 901 1750 sot,
1280 1687 1374 1748 rem,
1399 1687 1466 1733 nos
1481 1677 1542 1734 aut
1559 1663 1629 1734 cito
1646 1665 1793 1736 domurn
1810 1661 1894 1736 binc
1911 1669 2087 1738 redituros
2102 1695 2178 1756 esse,
2197 1689 2235 1744 aut

1281 1765 1416 1836 diutius
1439 1759 1498 1836 hic
1519 1781 1818 1852 commoraturos,
1850 1769 2000 1839 omnino
2024 1774 2153 1842 decrevi
2172 1777 2235 1844 adtt

279 1847 482 1949 Philippus
496 1841 725 1921 Melanlbon
753 1845 884 1922 lusio
909 1848 1057 1930 Ionae
1083 1851 1120 1926 S·
1134 1845 1180 1922 D·
1281 1867 1470 1954 accedere..
1507 1863 1580 1937 lter
1604 1881 1646 1938 nt
1667 1881 1769 1938 antea
1797 1892 1860 1960 per
1881 1871 1949 1938 alia
1968 1871 2046 1941 loca
2063 1876 2237 1968 susciperent

230 1991 445 2076 &verende
462 2001 518 2069 vif
535 2017 570 2068 et
585 1999 695 2068 amice
709 1994 800 2068 mihi
815 2001 1008 2088 025„me
1036 2015 1070 2072 eq
1085 2014 1231 2093 propte,
1282 1969 1445 2040 ductores
1460 1968 1592 2054 nostri,
1615 1969 1704 2040 moti
1721 1983 1805 2040 sunt
1820 1973 2127 2044 exundationibus.

228 2105 404 2175 amicitiae
429 2114 638 2172 vetustatem
660 2123 700 2169 ac
715 2099 842 2187 fidem,
874 2115 908 2172 et
925 2118 1070 2196 propter
1085 2103 1231 2172 eximias
1382 2099 1437 2172 De
1459 2101 1634 2192 legatione
1657 2119 1796 2190 nostra,
1822 2109 1919 2200 qnod
1940 2109 2033 2179 scire
2054 2111 2162 2201 cupis,
2183 2109 2238 2176 dedi

228 2221 307 2277 tuns
334 2208 500 2287 virtutes,
538 2216 572 2271 et
596 2201 731 2290 ingenii
755 2205 1016 2294 praestantiam.
1083 2201 1232 2295 Semper
1281 2203 1386 2273 initio
1405 2204 1616 2289 consilium,
1637 2218 1696 2285 ut,
1719 2207 1749 2275 si
1772 2209 1965 2298 postularet
1978 2209 2240 2304 lmperatormitti

230 2307 297 2377 boc
319 2303 514 2376 Ecclesiam
540 2303 710 2387 servavit,
751 2319 809 2389 nt,
848 2305 951 2376 novis
981 2305 1232 2376 controversiis
1281 2305 1439 2398 aliquos,
1460 2305 1660 2376 communis
1675 2307 1805 2398 legatio
1821 2309 2019 2382 multorum
2037 2313 2240 2384 nominemi-

230 2407 353 2492 motis,
379 2407 612 2477 convenirent
627 2404 739 2500 aliqui
751 2407 795 2476 ad
812 2431 1037 2476 communem
1054 2408 1231 2478 delibera·
1281 2419 1433 2487 teretur,
1459 2419 1494 2478 et
1514 2408 1653 2478 obeam
1666 2431 1806 2481 causam
1823 2411 1952 2504 scripta
1966 2413 2039 2486 luit
2052 2411 2240 2485 confessionis

229 2513 383 2594 tionem,
417 2523 458 2578 ut
481 2509 520 2577 fit
542 2507 581 2592 iu
605 2501 754 2578 historia
770 2503 1043 2600 Apostolorum
1070 2521 1104 2580 et
1118 2510 1158 2578 in
1174 2533 1231 2578 re-
1282 2507 1456 2598 repetitio.
1522 2505 1667 2594 Postea,
1697 2512 1782 2604 quia
1815 2512 1878 2582 alii
1909 2514 2010 2585 aliud
2043 2517 2240 2608 disputarunt

230 2611 404 2684 scitatione
426 2609 667 2692 samosateni,
700 2622 736 2678 et
760 2610 798 2678 in
818 2611 899 2680 aliis
919 2610 1095 2684 extremis.
1146 2608 1231 2680 ldeo
1282 2621 1415 2680 mutato
1438 2623 1525 2681 sunt
1546 2605 1633 2680 baec
1651 2611 1812 2684 consilia.
1861 2612 1945 2686 Vidi
1958 2629 2147 2712 quaternas
2158 2615 2241 2688 literas

230 2739 310 2784 cum
344 2705 426 2782 dux
446 2705 625 2780 Pressius
645 2709 819 2799 flagitaret
850 2713 1113 2802 responsiones,
1149 2712 1231 2780 dedi
1284 2709 1555 2805 lmperatorias,
1587 2712 1718 2806 quibus
1745 2717 1916 2806 postulat,
1943 2731 1983 2788 ut
2002 2720 2115 2813 aliqui
2135 2719 2241 2787 mittan·

230 2813 420 2885 consilium
433 2815 573 2882 duabus
588 2811 689 2892 aulis,
714 2825 756 2881 ut
769 2827 929 2883 curarent
948 2813 1136 2884 convocari
1151 2813 1232 2906 plu·
1281 2826 1360 2898 tur,
1387 2825 1422 2882 et
1437 2813 1581 2907 quidem
1596 2837 1671 2884 non
1684 2815 1730 2886 ab
1744 2837 1818 2886 uno
1835 2815 2020 2910 Principe,
2045 2824 2104 2892 sed
2123 2845 2141 2890 a
2156 2815 2243 2890 ceteri

231 2929 371 2999 ressut
389 2937 461 2984 una
484 2928 520 2982 et
535 2913 762 2984 consentiens
779 2917 963 3008 responsio
979 2916 1176 2986 mitteretur
1193 2915 1232 2986 in
1284 2937 1437 3008 quoque.
1489 2913 1563 2986 Nos
1585 2915 1695 3006 igitur
1716 2917 1804 2988 iussi
1826 2913 1896 2989 buc
1919 2924 2072 3012 proiecti
2086 2932 2243 3004 sumos,et

232 3015 430 3101 Prussiam,
461 3037 507 3084 ne
533 3014 787 3086 dissimilitudo
811 3040 905 3087 nova
921 3017 1112 3087 certamina
1128 3041 1232 3110 pare·
1283 3016 1396 3086 lilium
1409 3013 1478 3086 Dei
1491 3039 1651 3104 oramus,
1676 3031 1717 3090 nt
1732 3019 1837 3090 nobis
1850 3022 1955 3095 adsit.
2008 3023 2138 3096 Sinon
2156 3043 2245 3092 conce

231 3133 301 3204 ret;
329 3116 556 3210 repudiatum
572 3110 704 3186 esthoc
719 3119 908 3188 eonsilium
923 3119 962 3188 in
977 3133 1125 3214 utraque
1139 3120 1232 3190 sula.
1284 3119 1338 3188 dit
1366 3118 1476 3188 retexi
1504 3118 1642 3210 priores
1667 3120 1834 3192 articulos
1858 3120 1983 3208 lslsos,
2018 3139 2113 3196 recta
2137 3125 2244 3194 domun

231 3217 268 3292 0
284 3241 359 3290 rem
375 3217 560 3288 miseram!
614 3214 672 3287 Ad
687 3234 817 3291 ceteras
830 3217 1070 3291 Ecclesiamm
1087 3221 1234 3292 calami·
1282 3217 1400 3290 redire
1425 3220 1665 3307 decrevimus,
1697 3222 1769 3292 nisi
1795 3223 1833 3292 in
1860 3247 2038 3295 carcerem
2063 3227 2245 3298 abducimur.

228 3336 320 3398 tates
338 3321 557 3393 tristissimas
571 3314 656 3389 baec
669 3321 821 3391 servitos
835 3322 940 3393 etiam
961 3324 1111 3406 accedit,
1135 3335 1175 3392 nt
1188 3346 1233 3392 ne
1282 3317 1535 3414 Exspectamus
1557 3336 1675 3394 autem
1690 3319 1808 3395 adbuc
1825 3347 2035 3416 responsum
2051 3331 2097 3398 de
2114 3329 2177 3397 illis
2188 3321 2246 3396 ern

231 3426 379 3520 quidem
403 3422 561 3516 colloqui
585 3423 689 3492 nobis
713 3421 828 3498 liceat.
879 3422 951 3494 Nec
968 3447 1031 3514 ego
1048 3422 1234 3516 Principes
1283 3423 1374 3494 culis
1393 3424 1610 3510 retexendis,
1643 3447 1723 3516 seu,
1756 3440 1798 3498 ut
1818 3442 1965 3509 vocant,
2006 3426 2247 3501 readmmendis

232 3549 378 3610 accuso,
409 3525 472 3618 qui
494 3537 659 3593 metuunt
684 3537 823 3595 nostros
839 3545 1065 3614 congressus,
1090 3528 1149 3596 sed
1166 3549 1234 3596 no·
1283 3523 1447 3596 Nostram
1464 3525 1655 3596 amicitiam
1672 3527 1752 3598 volo
1769 3542 1945 3599 aeternam
1961 3553 2058 3617 esse,
2084 3531 2248 3602 etiroeutt

233 3631 296 3699 stri
324 3627 439 3718 gregis
471 3649 510 3695 ac
543 3627 724 3695 iuniorum
746 3627 967 3697 eruditorum
990 3627 1235 3720 petulantiam,
1283 3649 1323 3696 es
1349 3628 1389 3696 in
1413 3628 1669 3698 consuetudine
1691 3629 1846 3699 coelesti.
1898 3628 2097 3704 Pnaestabo
2118 3624 2249 3704 uinta

233 3731 314 3825 qui,
345 3753 427 3801 cum
451 3729 617 3810 videant,
650 3728 840 3819 plausibile
864 3751 938 3798 esse
958 3753 1101 3799 movere
1122 3752 1235 3799 novos
1283 3728 1355 3797 vita
1372 3727 1607 3799 omuiaamici
1622 3729 1751 3804 officia.
1802 3729 1922 3802 Tuum
1937 3736 2125 3824 negotium
2141 3723 2249 3803 inlu

206 3831 426 3914 'tumultum
464 3830 704 3922 undecunque
734 3830 912 3920 arripiunt
938 3832 1139 3901 occasiones
1161 3831 1235 3900 dis-
1283 3831 1419 3915 demis,
1454 3831 1658 3924 quicunque
1681 3832 1852 3903 tenebunt
1866 3827 2143 3926 Rempublicam
2165 3825 2249 3925 perfiss'

228 3931 423 4005 sentiendi.
475 3929 597 4023 ltaque
621 3955 701 4000 cum
716 3932 821 4000 multi
837 3955 878 4001 ex
892 3933 1015 4003 multis
1030 3933 1235 4024 regionibus
1284 3953 1387 4023 posse
1411 3927 1524 4023 spero.
1575 3929 1732 4002 Salutem
1755 3933 1822 4003 tibi
1845 3951 2053 4008 reverenter
2072 3949 2187 4026 optant
2205 3925 2250 3999 mil

232 4035 434 4125 flagitarent
446 4032 733 4123 responsionem,
758 4033 883 4124 scripsi
896 4035 942 4104 de
955 4057 994 4104 ea
1008 4050 1119 4127 parte,
1145 4057 1236 4128 quae
1285 4033 1437 4122 collegae
1451 4027 1640 4102 Erasmus
1648 4027 1840 4103 Sarcerius
1855 4049 1888 4106 et
1901 4029 2057 4108 Puceus.
2092 4031 2247 4108 Breatim

167 4203 171 4210 .
234 4153 286 4208 est
308 4127 590 4233 seopvcpusoroirp
611 4133 737 4226 plane,
763 4147 797 4204 et
817 4135 1053 4226 sinemagicis
1071 4135 1236 4206 clamori·
1284 4135 1391 4204 etiem
1414 4145 1664 4224 exspectamus.
1715 4134 1786 4207 Sed
1810 4139 1959 4206 scribam
1986 4135 2077 4210 hinc
2094 4129 2248 4230 saepiussi

235 4244 312 4310 bns.
363 4233 484 4308 ‘Omisi
511 4236 617 4310 etiam
638 4236 836 4305 certamina·
856 4239 901 4306 de
925 4237 1048 4308 multis
1067 4237 1237 4322 materiis,
1285 4249 1341 4320 te,
1374 4230 1415 4305 et'
1432 4235 1463 4305 si
1485 4231 1571 4305 hinc
1592 4249 1686 4306 recta
1700 4236 1819 4306 licebit
1834 4240 1983 4308 domum
1998 4243 2136 4321 redire,
2164 4241 2248 4308 atvs

234 4365 322 4436 quas
338 4361 468 4430 magno
483 4361 562 4408 cum
578 4335 738 4430 periculo
751 4351 870 4407 movet
887 4339 947 4407 ille
964 4331 1141 4433 Gorgias.
1166 4337 1237 4408 La·
1285 4339 1459 4412 accedam.
1496 4333 1737 4408 illustrissimo
1755 4335 1931 4430 Principi,
1958 4357 1993 4414 et
2009 4341 2173 4414 Dominis
2185 4337 2249 4408 Cor

234 4458 312 4514 tent
341 4443 381 4510 in
412 4440 654 4532 disputatione
675 4439 809 4510 semim
835 4437 975 4510 ludaica
998 4443 1042 4510 de
1066 4432 1235 4531 personis.
1285 4433 1429 4508 siliariis
1460 4449 1495 4507 et
1519 4433 1757 4510 Ecclesiarum
1783 4437 2000 4514 Ductoribus
2027 4469 2086 4514 me
2112 4456 2250 4515 commeo·

234 4543 339 4615 Hanc
363 4543 473 4634 igitur
490 4555 626 4632 partem
643 4542 834 4612 lectoribus
851 4543 918 4634 piis
935 4565 1036 4612 sumo
1053 4543 1237 4612 illustran-
1286 4542 1380 4611 dato.
1438 4535 1535 4608 liene
1566 4553 1601 4609 et
1632 4540 1781 4612 feliciter
1807 4543 1907 4628 vale,
1948 4545 2008 4614 die
2042 4541 2192 4618 ianuarii
2213 4531 2250 4606 il·

232 4651 339 4726 dam,
371 4669 446 4715 non
468 4656 562 4714 recte
584 4639 641 4710 vel
659 4644 842 4714 obscurari
857 4643 914 4714 vel
929 4645 1009 4714 tolli
1023 4643 1238 4714 consolatio·
1286 4639 1503 4731 Noribergse
1520 4636 1627 4714 1652.
1695 4717 1698 4724 ,

230 4769 318 4819 uem
339 4750 386 4817 de
411 4747 539 4816 merito
555 4738 707 4830 Christi,
740 4768 821 4814 cum
844 4747 913 4831 ait,
938 4741 1102 4816 homines
1125 4746 1237 4816 iustos
1895 4740 1992 4822 Phil.
2013 4740 2222 4820 Melanthos

107 4853 111 4858 ’
235 4875 310 4921 esse
333 4849 467 4920 iustitia
490 4845 670 4916 essentiali
694 4845 828 4933 Patris,
861 4846 946 4918 Filii
967 4857 1004 4919 et
1024 4846 1180 4939 Spiritus
1200 4844 1237 4917 S.

233 4951 346 5036 item,
372 4973 454 5022 cum
477 4949 601 5019 definit
623 4949 795 5020 iustitiam
819 4971 910 5034 esse,
937 4953 1032 5044 quod
1049 4947 1174 5032 eflicit,
1198 4959 1239 5017 ut
1298 4945 2249 5041 *We-..wa

235 5058 328 5124 iusta
350 5053 533 5125 iaciamus.
584 5047 628 5119 ln
650 5047 706 5120 his
727 5053 896 5122 membris
911 5051 1095 5123 obscurari
1110 5065 1240 5122 etcor-
1318 5090 1320 5094 .
2283 5069 2284 5072 =

236 5155 358 5248 rumpi
371 5153 572 5224 doctrinam
590 5153 634 5222 de
649 5148 805 5237 Christo,
829 5153 1056 5224 manifestum
1073 5166 1135 5222 est.
1171 5149 1240 5220 lta·
1289 5132 2247 5262 Q.29,1,„‚(p01at)

236 5283 305 5353 que
331 5257 575 5326 contradicere
601 5257 635 5324 ei
665 5277 741 5326 non
774 5257 916 5340 dubito,
958 5254 1094 5326 etiamsi
1124 5252 1241 5336 video,
1972 5233 2245 5346 J-‘VV
2283 5307 2284 5344 ἕ

237 5385 327 5454 quae
341 5359 491 5428 fulmina
510 5352 600 5424 mibi
618 5359 849 5449 exspectanda
865 5358 954 5442 sint3
982 5369 1015 5427 et
1030 5355 1160 5441 sciam,
1186 5377 1241 5420 me
1565 5317 1718 5406 ῙθΜῘῧι
1740 5317 2019 5416 camerario.
2283 5387 2284 5448 p

239 5460 420 5538 contemni
437 5461 508 5528 iam
525 5471 670 5550 propter
684 5459 856 5530 clamores
874 5461 1111 5555 quorundam.
1160 5451 1239 5526 Nou
1360 5479 1447 5553 ttptu.
1464 5477 1508 5535 st.
1523 5476 1660 5534 masne.
1679 5496 1706 5550 p.
1715 5477 1768 5532 sss
1778 5495 1840 5550 sqq.
1855 5481 1912 5550 (ut
1924 5481 2011 5544 xm
2030 5487 2081 5544 gg,
2092 5485 2139 5543 w,
2154 5501 2190 5556 q,
2199 5473 2248 5532 pst
