4592 6218
51 337 116 412 62⁹
609 325 1042 412 EPISTOLARUM
1094 327 1200 406 ΗΒ.
1226 317 1308 406 ῊΙ.
1362 326 1492 408 1060.
1994 335 2071 416 630

50 503 168 594 tpcum,
205 513 244 574 ut
271 495 441 592 seriptum
477 510 548 582 est,
586 497 807 592 generationi
839 511 1018 570 rectorum
1070 516 1131 586 gas
1147 493 1423 570 deliberationes
1437 495 1569 570 dicitnr
1582 493 1729 589 dixisse,
1752 520 1790 574 se
1804 495 2068 600 expectaturum

52 603 267 680 benedicetur.
1071 617 1145 669 esse
1168 596 1378 679 consilium,
1408 621 1475 670 nec
1495 597 1565 670 sibi
1591 601 1729 693 placere
1750 599 1813 676 bas
1835 607 2066 699 particulares

139 701 216 772 Vidi
232 702 358 774 dictata
372 701 418 774 ab
432 694 573 772 Esttao
587 695 625 798 *)
647 702 691 774 de
707 699 880 772 libertatis
897 699 1020 770 delen·
1071 697 1351 772 reformationes.
1401 699 1473 770 Sed
1488 700 1663 796 quidquid
1682 705 1768 790 erit,
1790 703 1868 778 Deo
1884 733 1950 778 nos
1965 735 2065 782 com-

50 803 145 874 sione.
198 802 394 874 Meministi
418 799 606 873 historiam
628 799 855 888 Thebanam,
886 801 926 870 in
950 825 1018 895 qua
1071 800 1288 872 urendemus.
1354 795 1431 890 Ego
1457 824 1522 870 nec
1545 801 1661 874 iussus
1684 827 1764 876 sum
1787 809 1961 900 proficisci
1988 811 2066 884 Αιι-

49 915 197 974 narratur
214 906 394 988 decretum
413 904 545 976 sactum
564 927 638 974 esse
655 928 675 974 a
693 899 893 988 Thebanis,
918 914 959 970 ut
975 901 1019 969 li·
1071 913 1226 987 gustam,
1263 921 1328 968 nec
1354 901 1503 993 opinor,
1534 925 1737 998 quenquam
1758 931 1875 980 meam
1898 925 2065 1003 praesen-

49 1005 199 1076 bsrtatem
216 1002 383 1076 Graeciae
404 1005 584 1077 defensuri
606 1027 643 1074 se
664 1028 744 1076 curn
768 1004 854 1096 ipsis
868 1003 1020 1072 coniun-
1071 1000 1157 1070 tiam
1183 1013 1361 1092 expetere,
1389 1016 1423 1073 et
1445 999 1522 1074 Deo
1543 1005 1673 1092 gratias
1696 1029 1780 1095 ago,
1811 1011 1907 1104 quod
1931 1012 2064 1087 sCon-

44 1119 163 1194 gerent.
195 1104 398 1178 Talassunt
416 1101 505 1178 ethi
523 1105 711 1188 clamores,
735 1127 811 1174 non
833 1104 929 1174 enim
953 1127 1021 1196 pu·
1071 1099 1238 1170 ventibus
1261 1101 1381 1171 obesse
1401 1099 1492 1172 mihi
1512 1105 1686 1178 concedit.
1736 1106 1953 1183 Meministis
1969 1139 2065 1187 meas

49 1219 144 1294 gnant
157 1207 199 1274 de
214 1207 395 1278 doctrinae
410 1205 653 1300 explicatione.
703 1203 773 1276 Sed
790 1201 878 1274 haec
893 1227 1023 1274 coram.
1072 1201 1232 1294 querelas
1247 1213 1282 1270 et
1300 1225 1401 1272 veros
1417 1203 1578 1292 gemitus,
1603 1207 1733 1300 quibus
1752 1215 1889 1281 ostendi
1904 1215 2065 1288 dolorem

132 1303 257 1378 Noster
275 1307 410 1378 amicus
432 1303 591 1406 Semper
607 1299 668 1402 ”)
688 1306 796 1386 dixit,
827 1306 1019 1375 conflatum
1071 1325 1209 1385 meum,
1232 1316 1458 1394 propterea,
1484 1329 1574 1398 quae
1597 1304 1894 1384 inConvcntihus
1913 1313 2064 1398 †Prin-

47 1429 109 1476 rsse
140 1407 307 1500 scriptum
339 1407 447 1480 vestri
471 1408 623 1501 pastoris
649 1407 844 1478 collusione
869 1408 1019 1476 duarum
1072 1401 1217 1496 cipum”
1231 1400 1259 1500 ¹)
1281 1403 1336 1492 agi
1357 1405 1579 1478 videbamus.
1630 1405 1783 1481 Memini
1799 1426 1834 1482 et
1848 1428 1982 1486 vestros
1996 1421 2064 1488 do-

46 1505 320 1590 Academiarum,
343 1505 407 1582 καὶ
422 1507 514 1580 ἄλλα
528 1501 645 1581 πολλὰ
662 1503 708 1580 οὐ
724 1499 959 1602 προσήκοντα
974 1509 1021 1597 τῇ
1073 1505 1175 1575 lores.
1201 1500 1274 1574 Nec
1289 1527 1367 1574 sum
1385 1507 1607 1596 prolecturus
1621 1506 1909 1596 adConventum,
1927 1517 2065 1593 etiamsi

46 1601 144 1678 adies
162 1605 266 1706 φιλίᾳ
289 1605 460 1706 ἡμετέρᾳ.
508 1609 579 1681 Sed
596 1611 749 1679 seramus
767 1605 869 1690 haec,
896 1619 930 1676 et
944 1603 1020 1676 Deo
1072 1605 1153 1699 quis
1176 1604 1332 1690 iubebit,
1371 1629 1436 1676 nec
1460 1622 1581 1679 metuo
1605 1613 1763 1703 corporis
1787 1615 1964 1706 pericula,
2002 1624 2064 1692 sed

45 1731 100 1778 nos
114 1715 411 1786 commendemus.
458 1707 561 1782 Hanc
579 1709 761 1802 epistolam
776 1708 909 1781 tradidi
922 1707 1022 1798 inge·
1072 1706 1157 1776 nolo
1170 1705 1344 1797 implicari
1361 1707 1434 1776 illis
1450 1707 1666 1794 actionibus,
1691 1735 1781 1805 quae
1798 1739 1863 1786 nec
1878 1719 1956 1808 piae
1972 1739 2053 1796 sunt

45 1811 223 1883 niosoviro
239 1813 400 1882 venienti
417 1835 457 1882 ex
473 1808 633 1893 Prussia,
660 1811 881 1906 quicarmen
895 1831 1022 1898 magna
1072 1831 1139 1876 nec
1160 1830 1397 1900 processurae.
1447 1805 1529 1879 Non
1552 1811 1624 1880 iam
1647 1815 1831 1906 quaeritur
1851 1819 1903 1888 ibi
1926 1779 2066 1905 veritas:

45 1927 212 1986 venustate
229 1929 265 1986 et
278 1915 446 1984 facilitate
459 1911 591 1994 scribit,
618 1913 673 1982 cui
689 1935 820 1982 nomen
836 1923 886 1982 est
900 1901 1025 1982 Felici
1073 1910 1134 1979 sed
1156 1908 1231 1978 utri
1255 1923 1402 2000 regnent
1409 1933 1418 1994 ;
1445 1922 1480 1980 et
1498 1933 1556 1980 me
1577 1915 1692 1984 taedet
1704 1917 1894 1988 multarum
1909 1922 2067 1996 sutilium

43 2003 195 2085 Fidlero.
246 2009 539 2085 Allertetablio
557 2013 702 2085 litteras.
740 2007 1021 2106 Epithalamium
1074 2009 1358 2080 contentionum:
1384 2031 1432 2079 an
1454 2033 1517 2101 ego
1539 2013 1584 2082 de
1605 2013 1699 2084 linea
1719 2030 1815 2088 veste
1832 2025 2066 2095 contendam?

43 2107 174 2182 Sabino
204 2117 366 2208 scripsit,
406 2115 502 2184 unde
532 2119 577 2184 de
607 2138 696 2182 vena
729 2115 805 2183 eius
839 2112 1023 2182 iudicabis.
1075 2109 1180 2181 Meus
1195 2113 1412 2198 censusfuit,
1438 2112 1611 2204 explicare
1626 2117 1837 2204 doctrinam,
1862 2124 1947 2193 etin
1966 2149 2065 2196 sum-

42 2211 126 2283 llene
146 2229 179 2287 et
196 2217 352 2287 feliciter
366 2215 455 2288 vale.
504 2210 600 2286 Deus
616 2225 651 2283 te
668 2226 702 2284 et
716 2211 911 2284 Ecclesiam
928 2227 1023 2284 tuam
1076 2235 1170 2282 mam
1203 2212 1375 2284 mediocri
1402 2215 1652 2305 perspicuitate
1673 2219 1858 2310 colligere,
1891 2239 1924 2296 et
1949 2229 2067 2298 studia

43 2317 257 2389 doinestimm
272 2329 405 2398 servet,
432 2313 513 2392 Vll.
528 2314 622 2386 lulii.
1076 2312 1287 2382 discentium
1302 2313 1436 2386 iuvare.
1487 2313 1527 2384 ld
1544 2317 1608 2386 leci
1623 2318 1773 2390 fideliter
1788 2323 1974 2412 etfaciam,
2000 2331 2068 2398 do-

685 2409 780 2489 Phil.
798 2407 975 2488 Melanth.
1077 2437 1142 2482 nec
1160 2411 1260 2486 Deus
1282 2415 1458 2488 concedet.
1523 2416 1774 2492 Conventnum
1796 2424 2068 2502 deliberationes

1079 2515 1230 2586 libenter
1246 2514 1324 2584 aliis
1343 2515 1523 2608 relinquo:
1552 2543 1614 2588 eos
1628 2545 1769 2614 quoque
1791 2527 1961 2618 optarim,
1992 2553 2067 2601 non

1080 2615 1249 2704 proficisci
1273 2617 1317 2686 ad
1338 2614 1579 2688 Conventum:
1612 2617 1661 2691 Et
1681 2625 1827 2711 potestis
1849 2629 1903 2696 uti
1924 2653 2068 2702 excusa-

1080 2717 1174 2786 tione
1189 2717 1419 2800 valetudinis,
1443 2719 1527 2790 item
1547 2720 1632 2790 belli
1649 2724 1752 2792 vobis
1764 2727 1973 2822 propinqui,
2003 2737 2069 2803 uhi

1080 2819 1165 2888 urbs
1185 2831 1299 2888 vestra
1322 2819 1496 2908 indigebit
1520 2835 1636 2892 vestro
1654 2825 1803 2896 consilio
1818 2831 1928 2905 domi.
1980 2829 2068 2904 ltem

1079 2920 1109 2988 si
1132 2918 1255 2988 civitas
1279 2921 1451 3005 decrevit,
1478 2945 1552 2992 non
1575 2923 1729 3016 recipere
1743 2923 1924 3000 Articulos
1946 2933 1984 3001 in
2008 2933 2069 3004 ln-

1081 3020 1201 3104 terim,
1226 3042 1316 3112 quos
1335 3021 1440 3090 lalsos
1465 3045 1539 3094 esse
1561 3039 1716 3111 constat,
1740 3033 1912 3102 recusatio
1930 3036 2069 3106 minore

1080 3120 1275 3193 offensione
1299 3122 1338 3192 fit
1366 3145 1429 3212 per
1451 3117 1632 3194 hominem
1663 3127 1847 3216 iuvenem,
1879 3135 1939 3226 qui
1967 3138 2070 3222 dicet,

1080 3246 1116 3290 se
1132 3216 1261 3292 habere
1274 3224 1450 3308 mandata,
1475 3249 1565 3318 quae
1581 3251 1654 3296 non
1669 3227 1772 3300 liceat
1787 3247 1936 3317 ululare,
1969 3233 2070 3325 ltem,

1082 3345 1143 3391 eos
1157 3322 1272 3408 scitis,
1298 3347 1403 3416 quam
1417 3325 1489 3396 sint
1504 3328 1643 3398 molesti
1659 3331 1759 3400 vobis
1775 3347 1808 3401 et
1825 3334 1904 3402 aliis
1920 3337 2070 3429 quibus-

17 2899 19 2908 ,
52 2817 110 2896 No.
130 2817 242 2900 ⁴756.

46 2914 249 2962 w„

308 3003 378 3092 Μ.
407 2998 741 3119 Meienburpio.

101 3163 183 3236 Epist.
200 3166 250 3223 tib.
264 3163 300 3222 v.
321 3181 350 3235 p.
360 3159 412 3217 677
423 3178 484 3236 sqq.

84 3309 222 3398 Mtet.
247 3307 606 3406 Meienburgr'o,
637 3296 977 3380 eoasoIiNortlms.

922 2819 1029 2944 Q

43 3449 85 3536 S.
105 3463 150 3542 D.
207 3462 468 3536 Honestissime
500 3460 576 3544 vir,
616 3471 652 3527 et
677 3455 788 3526 amice
814 3449 1028 3527 charissime.

42 3559 101 3634 Dei
116 3567 288 3638 beneficio
305 3577 399 3635 reete
415 3563 509 3632 valet
525 3559 619 3630 filius
630 3545 938 3655 Christoplsorus,
963 3555 1028 3624 etsi

44 3689 159 3738 serare
187 3691 272 3740 eum
301 3667 452 3735 usitatus
474 3661 586 3754 ipsius
610 3659 758 3730 morbus
779 3671 958 3750 coeperat,
989 3679 1028 3726 ac

42 3771 195 3840 nondum
236 3765 298 3838 hic
331 3766 492 3854 contagia
526 3761 743 3854 pestilentiae
771 3759 904 3829 sentior
953 3779 1028 3828 non

43 3871 139 3938 etiam
157 3866 228 3940 huc
245 3866 409 3938 collocari
425 3863 598 3958 praesidia
616 3863 739 3932 audio:
765 3859 835 3932 Sed
851 3859 879 3928 si
894 3859 1029 3926 bellum

43 3968 252 4042 Saronicum
277 3969 382 4036 nobis
404 3966 550 4058 propius
566 3963 650 4044 erit,
675 3963 767 4031 lilios
780 3981 903 4030 censeo
920 3959 1029 4028 Nori·

42 4069 176 4160 bergam
201 4071 396 4140 mittendos
418 4091 508 4138 esse:
542 4090 581 4134 ac
597 4062 713 4134 Deum
736 4087 819 4144 oro,
848 4076 888 4130 ut
910 4083 973 4130 vos
994 4071 1030 4130 et

42 4187 166 4242 cestros
191 4185 309 4242 servet
331 4169 544 4248 incolumes,
575 4179 610 4235 et
631 4187 707 4234 non
724 4164 816 4232 sinat
832 4161 907 4231 beri
925 4161 1030 4229 dissi-

41 4275 195 4360 pationes
228 4270 468 4343 Ecclesiarum
507 4266 701 4350 tristiores,
743 4277 776 4334 et
808 4263 1029 4334 barbaricam

40 4378 244 4447 vastitatem.

135 4475 191 4546 De
206 4474 396 4546 Convemu
414 4469 621 4560 Augustano
636 4465 762 4538 similis
777 4479 828 4536 est
842 4463 1028 4536 solicitudo

40 4575 74 4643 in
96 4578 268 4648 omnibus
294 4572 450 4646 honestis
471 4569 698 4653 hominibus,
730 4568 792 4636 sed
808 4564 905 4636 Deus
923 4589 1029 4636 exau·

39 4677 107 4750 dict
130 4679 284 4768 gemitus
304 4677 498 4746 multorum
520 4673 681 4764 piorum,
712 4683 746 4738 ct
767 4667 944 4758 mitigabit
966 4661 1029 4736 has

38 4801 238 4852 aerumnas.
308 4773 431 4869 Aliqui
455 4773 673 4856 existimant,
706 4767 957 4861 Imperatorem
985 4771 1029 4838 de

38 4875 183 4972 Synodo
198 4877 387 4948 Pontificia
400 4888 561 4944 acturum
579 4897 670 4956 esse,
690 4872 798 4965 idque
811 4868 921 4962 Regis
935 4861 980 4937 F
974 4891 1029 4937 er-

39 4971 203 5050 dinonds'
225 4979 412 5050 consilium
429 4998 521 5056 esse,
553 4997 619 5042 nee
634 4985 815 5042 moturum
829 4969 1029 5042 contentio-

37 5101 97 5150 nes
110 5087 156 5150 de
173 5079 333 5166 lnterim,
382 5077 473 5150 Nam
488 5073 566 5148 Rex
579 5066 623 5144 F
618 5065 846 5142 ordinandus
861 5067 1028 5142 hactenus

37 5179 74 5248 in
87 5179 218 5254 Silesia
236 5177 328 5252 nihil
346 5178 527 5252 mandavit
540 5177 584 5244 ele
601 5173 782 5263 religione,
806 5187 838 5242 ct
854 5187 931 5262 post
945 5173 1027 5240 lon·

67 5397 97 5460 ‘l
117 5397 225 5456 Ateste.

68 5481 117 5552 Ψ)
134 5481 267 5555 Schnspl·

1080 3427 1181 3510 dam,
1212 3437 1246 3494 et
1268 3420 1358 3494 mihi
1380 3426 1525 3498 fuerunt
1540 3429 1669 3520 aliqui,
1694 3433 1755 3523 qui
1774 3435 1927 3502 multum
1944 3439 2071 3510 volunt

1080 3547 1145 3594 nos
1166 3525 1240 3596 suis
1259 3527 1544 3616 persuasionibus
1569 3530 1766 3616 inflectere,
1792 3546 1960 3629 tanquam
1981 3563 2071 3632 pue·

1082 3649 1154 3696 ros:
1186 3626 1277 3698 sicut
1291 3618 1475 3698 Manlio
1489 3625 1522 3720 ²)
1549 3630 1653 3718 longa
1676 3633 1847 3704 concione
1868 3633 1956 3708 mihi
1973 3665 2071 3711 com-

1081 3727 1271 3798 mendabat
1291 3743 1482 3802 extremam
1504 3731 1722 3806 unctionem.
1779 3732 1827 3806 Et
1848 3733 1983 3810 Doctor
2004 3737 2070 3813 Io-

1081 3821 1224 3898 lmrmes
1244 3823 1428 3898 Metensis
1448 3843 1501 3912 et,
1526 3833 1663 3918 nescio,
1684 3834 1832 3926 qui·alii
1851 3835 2071 3914 Ratisbonae

1081 3923 1169 3998 mihi
1186 3930 1346 4023 quotidie
1362 3953 1473 4002 novas
1487 3935 1731 4023 persuasiones
1746 3939 1963 4017 adferebant.
1996 3943 2071 4018 Hss

1084 4030 1231 4120 ineptias
1248 4033 1400 4122 pueriles
1418 4035 1560 4120 audire,
1586 4061 1690 4128 quam
1712 4037 1755 4107 sit
1774 4041 1978 4128 molestum,
2004 4049 2072 4116 sei-

1083 4133 1143 4214 tis,
1180 4133 1349 4223 praertim
1377 4159 1456 4203 cum
1484 4160 1558 4206 non
1584 4138 1692 4226 possit
1718 4140 1892 4222 obtineri,
1934 4148 2071 4217 etiamsi

1081 4232 1192 4302 multa
1207 4235 1504 4324 promitteremus.
1555 4235 1694 4308 Suadeo
1711 4239 1836 4327 igitur,
1861 4229 1954 4315 mitti
1970 4243 2072 4316 Mar-

1080 4327 1197 4402 chiam
1206 4330 1235 4428 ⁸)
1251 4361 1330 4406 cum
1347 4337 1539 4427 perspicuis
1556 4339 1741 4421 mandatis,
1760 4343 1814 4408 vel
1829 4342 1950 4431 alium,
1969 4371 2071 4438 prae.

1081 4435 1202 4506 sertim
1217 4459 1297 4506 cum
1313 4441 1474 4506 nondum
1489 4437 1605 4506 sciatis
1618 4438 1719 4508 initia
1733 4444 1966 4531 negotiorum.
1989 4447 2070 4520 Dux

1081 4533 1272 4622 Saxoniae,
1309 4531 1469 4620 Elector,
1507 4536 1603 4606 misit
1626 4536 1670 4611 N.
1689 4537 1733 4612 N.
1754 4555 1788 4612 et
1811 4538 2069 4618 Abrahamum

1080 4651 1169 4708 totu
1194 4633 1397 4722 Giufibtl,
1429 4638 1704 4708 modestissimos
1728 4641 1841 4713 viros:
1874 4659 1926 4717 est
1941 4663 1974 4720 et
1992 4643 2069 4722 Ca-

1082 4733 1276 4806 rolovicius
1308 4737 1483 4826 profectus
1518 4740 1560 4808 ad
1599 4737 1861 4832 Imperatorem.
1935 4747 2067 4842 Atidio,

1081 4859 1175 4906 nunc
1193 4861 1336 4930 quoque
1353 4833 1604 4930 Imperatorem
1620 4865 1693 4912 nou
1710 4845 1835 4916 leviter
1850 4864 2039 4938 aegrotare.

1181 4965 1235 5040 De
1257 4967 1342 5038 vinu
1365 4971 1466 5040 vobis
1487 4995 1551 5062 ago
1571 4975 1717 5062 gratias,
1743 4979 1802 5046 scd
1821 4981 1982 5072 mallem,
2007 5015 2069 5060 vos

1082 5094 1172 5142 nova
1190 5084 1302 5142 musta
1321 5085 1526 5162 expectasse.
1578 5073 1668 5144 Nam
1685 5083 1893 5152 transvectio
1909 5084 1945 5154 in
1962 5101 2072 5176 aestu,

1081 5224 1302 5242 -ι--ο-σ-

1116 5307 1346 5382 nummu

1113 5393 1142 5463 2)
1162 5395 1195 5449 Α.
1212 5391 1264 5458 D..
1286 5395 1333 5446 sed
1347 5390 1429 5447 sins.
1441 5389 1540 5448 edidits
1560 5395 1596 5451 Ν.

1114 5477 1142 5548 d)
1164 5477 1346 5532 uocatam?
1364 5507 1397 5520 -
1428 5475 1528 5623 Fuiqsg
1538 5481 1657 5588 portus·
1669 5497 1690 5536 s·
1700 5483 1800 5556 riptsm
1814 5487 1988 5548 maehum?
