4614 6226
239 306 313 382 tot
818 298 1254 381 EPISTULARUM
1306 305 1414 385 LlB.
1445 305 1510 384 Xl.
1564 303 1697 382 1549.
2167 307 2223 382 tta

245 475 413 560 humani,
439 487 474 545 et
496 471 602 544 talein
626 481 701 544 esse
723 469 973 564 agnoscamus,
999 477 1139 570 qualem
1166 499 1238 544 sese
1284 477 1497 560 amicorum,
1538 480 1599 548 aul
1620 473 1808 547 homiuum
1836 475 2065 546 emdilorum.
2114 473 2180 547 ldeo
2198 481 2228 548 li-

246 578 410 672 exprimit
425 577 501 672 ipse
516 575 795 647 indistinctione
813 576 986 648 virtutum
1009 592 1044 649 et
1059 578 1239 649 vitiorum.
1285 581 1410 649 benter
1432 579 1627 671 expatiatus
1649 602 1759 650 essem
1783 576 1959 669 Lipsiam,
1983 589 2017 646 et
2036 578 2129 646 vestri
2149 581 2231 650 collo-

247 681 408 753 Sciamus
419 679 633 772 sapientem,
648 678 862 761 beneficum,
888 679 1042 761 iustum,
1068 702 1240 764 veracem,
1285 681 1362 773 quii
1377 688 1500 761 caiisa,
1523 695 1555 752 et
1569 693 1610 752 ut
1624 705 1703 752 cum
1720 680 1806 748 viris
1823 678 1937 748 doctis
1951 675 2002 748 ibi
2019 680 2167 770 quasdam
2177 705 2231 750 ma-

249 796 383 868 castum
404 803 495 864 esse,
520 804 560 849 ae
580 801 662 848 vere
686 791 720 848 et
742 775 966 850 horribiliter
983 779 1084 850 irasci
1103 781 1240 850 ruenti·
1285 784 1391 851 terias
1408 785 1616 854 conferrem.
1671 781 1740 854 Sed
1757 775 1925 850 Sabinas
1949 803 2005 850 me
2023 779 2170 862 retinuit,
2190 785 2231 875 qui

247 886 315 972 bus
332 896 453 953 contra
467 877 559 950 hanc
574 903 657 950 suae
672 881 800 952 mentis
815 905 989 955 normam.
1032 869 1157 953 Sanxit
1176 881 1241 970 igi·
1285 884 1502 954 abducturus
1522 898 1573 958 est
1595 885 1633 952 in
1649 881 1831 954 Bcussiam
1844 881 2009 967 filiolam,
2032 885 2231 974 quaeanebis

249 999 309 1056 tur
324 999 434 1056 certas
452 981 610 1071 coniugii
636 981 748 1071 leges,
772 993 811 1053 ut
825 983 871 1054 sit
885 983 1084 1053 intellectus
1102 983 1240 1053 castita·
1286 987 1430 1056 educata
1455 999 1525 1072 est,
1554 1009 1643 1080 quae
1665 1008 1766 1076 saepe
1791 985 1836 1052 ad
1863 1005 2021 1052 mensam
2038 995 2171 1052 vestram
2184 1008 2232 1052 m-

250 1087 295 1158 tis
319 1085 358 1154 in
380 1108 506 1176 genere
529 1077 710 1169 humano,
730 1107 771 1152 ae
790 1097 830 1154 ut
844 1085 883 1152 in
901 1083 1130 1154 luvocatione
1144 1080 1242 1154 hunc
1286 1109 1368 1156 eum
1388 1088 1488 1160 sedit.
1539 1086 1622 1156 Non
1645 1087 1722 1156 sine
1745 1107 1871 1175 magno
1885 1084 2009 1155 dolore
2036 1107 2106 1152 eam
2121 1086 2234 1154 dimitti-

248 1210 373 1257 vemm
402 1199 436 1262 et
471 1198 606 1255 castum
638 1181 756 1256 Deum
798 1187 843 1256 ab
876 1185 1072 1268 immundis
1105 1185 1242 1256 naturis
1286 1211 1376 1262 mus.
1403 1185 1558 1260 SedDeo
1576 1203 1609 1258 et
1625 1187 1765 1279 publica
1781 1199 1816 1256 et
1830 1186 2019 1256 domestica
2034 1187 2219 1258 commenda.

249 1289 416 1360 omnibus
430 1287 689 1372 discernamus,
705 1309 794 1380 quae
809 1289 869 1358 lux
885 1288 1034 1380 quoties,
1049 1301 1088 1358 ut
1102 1287 1139 1354 in
1150 1281 1243 1357 Eth·
1386 1286 1536 1360 Decrevi
1552 1291 1597 1360 ad
1614 1312 1676 1359 vos
1697 1288 1868 1380 expatiari
1887 1301 1966 1380 post
1980 1285 2110 1356 abitum
2126 1282 2235 1370 Sabini,

249 1391 339 1460 nicis
364 1403 397 1460 et
414 1389 453 1458 in
469 1391 570 1458 tetris
586 1387 807 1473 sacrificulis,
832 1389 984 1458 extincta
998 1402 1067 1474 est,
1093 1413 1167 1457 non
1183 1413 1243 1458 so·
1285 1391 1361 1462 Deo
1375 1391 1528 1466 iuvante.
1579 1389 1928 1475 Mallem,viaticum
1945 1412 2020 1458 non
2033 1388 2235 1470 missumesse,

247 1483 325 1562 lum
359 1513 507 1582 corpora
539 1489 676 1582 polluta
708 1503 810 1574 sunt,
843 1491 903 1562 sed
930 1491 1106 1560 invocatio
1137 1491 1241 1560 etiam
1287 1495 1348 1562 sed
1372 1505 1491 1564 tamen
1514 1494 1642 1582 gratias
1666 1489 1804 1562 avobis
1819 1513 1884 1582 age
1899 1514 1963 1582 pro
1983 1488 2237 1560 eximiabenevo

249 1589 472 1663 horribiliter
487 1594 674 1683 depravata
692 1605 755 1664 est.
802 1587 898 1662 Haec
913 1593 1041 1662 scelera
1057 1615 1195 1686 semper
1210 1605 1244 1662 et
1286 1595 1406 1664 lentia.
1458 1593 1572 1665 Filius
1590 1581 1900 1690 Clarc'slopdurus,
1924 1589 1996 1664 Dei
2009 1591 2182 1675 beneficio,
2200 1615 2235 1660 rc·

249 1695 392 1786 punivit
408 1708 441 1764 et
457 1693 560 1784 punit
581 1693 633 1760 ira
646 1689 922 1768 Deiiustissima
938 1694 1141 1784 ingentibus
1157 1717 1243 1786 poe-
1287 1711 1340 1768 ete
1356 1695 1464 1776 valet,
1490 1711 1524 1768 et
1539 1697 1652 1768 discit.

249 1797 325 1880 nis,
347 1795 674 1884 ruinis.reguomm
694 1808 732 1865 et
753 1794 833 1864 aliis
847 1784 1117 1868 calamitatibus.
1168 1793 1243 1866 Nos
1386 1795 1504 1868 Duces
1522 1789 1725 1868 Pomerani
1735 1791 1777 1892 *)
1797 1799 1940 1867 tandem
1963 1791 2161 1887 Imperatori
2182 1793 2235 1862 lacti

248 1921 334 1966 vero
368 1917 509 1967 oremus
541 1892 657 1964 Deum
690 1908 897 1988 aeternnm,
929 1895 1068 1966 Patrem
1092 1895 1242 1968 Domini
1286 1912 1368 1970 sunt
1384 1899 1578 1990 supplices,
1603 1903 1699 1994 quod
1717 1901 1761 1969 ad
1777 1899 1912 1970 bellum
1927 1897 2071 1981 attinet,
2096 1909 2126 1968 et
2145 1918 2236 1964 nnm·
2271 1869 2272 1918 ¹

250 2000 362 2068 nostri
377 1995 456 2067 lesu
471 1991 626 2082 Christi,
651 1996 872 2066 conditorem
895 2010 930 2068 et
946 2011 1159 2068 servatorem
1182 2021 1241 2088 ge·
1285 2013 1411 2070 rarunt
1425 2001 1619 2092 nonaginta
1634 2001 1744 2072 millia
1761 2023 1963 2072 aureorum.
2008 1995 2067 2070 Sic
2084 1998 2119 2066 in
2132 1997 2237 2086 gratian

248 2099 344 2168 neris
359 2093 528 2183 humani,
553 2097 685 2168 iustum
702 2111 736 2168 et
750 2112 904 2186 eastum,
927 2112 963 2170 et
985 2113 1143 2172 autorem
1165 2102 1242 2170 soe-
1284 2103 1416 2195 recepti
1430 2116 1524 2178 sunt.
1560 2102 1628 2174 Sed
1650 2105 1693 2172 de
1710 2101 1882 2192 religione
1901 2099 1989 2196 quid
2008 2123 2088 2170 cum
2103 2099 2237 2168 eisactun

248 2201 342 2270 deris
362 2199 575 2290 coniugalis,
598 2211 720 2269 utuos
738 2213 852 2290 regat,
879 2200 965 2271 etin
981 2203 1159 2274 mentibus
1182 2201 1240 2270 in·
1283 2205 1350 2283 sit,
1385 2204 1516 2279 nescio.
1573 2203 1672 2276 Bene
1705 2219 1740 2274 et
1773 2203 1922 2274 feliciter
1946 2201 2072 2274 valete.
2125 2199 2182 2272 llic
2200 2199 2238 2268 li.

242 2302 426 2389 ‚tellectum
447 2313 482 2372 et
503 2323 658 2372 arnorem
678 2325 781 2372 verae
805 2301 1038 2374 invocationis
1052 2318 1086 2376 et
1102 2303 1241 2374 castita*
1283 2303 1386 2378 Maii.

245 2404 291 2476 tis
313 2403 499 2486 accendat,
522 2417 562 2474 ut
586 2400 679 2472 veris
702 2403 868 2474 laudibus
888 2419 922 2478 et
943 2430 1023 2476 vera
1048 2431 1129 2476 eum
1153 2407 1240 2476 obe-
2037 2401 2210 2496 Philippus.

241 2501 379 2576 ¹dientia
394 2505 621 2576 celebremus.
673 2497 807 2575 Omnia
825 2531 914 2600 quae
929 2507 974 2578 de
990 2505 1146 2597 coniugii
1161 2507 1240 2578 lau·
1606 2506 1610 2516 ’

239 2609 288 2708 ¹de
305 2605 375 2677 dici
391 2620 556 2697 possunt,
578 2601 644 2674 tibi
660 2619 742 2676 nota
761 2621 855 2676 sunt.
899 2607 969 2679 Sed
984 2603 1070 2678 haec
1087 2609 1165 2679 laus
1182 2609 1239 2678 in·
1293 2629 1447 2644 ·····”·-“

245 2721 298 2779 ter
320 2707 527 2800 praecipuas
549 2719 618 2790 est,
639 2709 737 2800 quod
757 2703 814 2777 his
829 2708 966 2798 legibus
986 2711 1130 2781 sancitis
1142 2707 1239 2782 Deus
2228 2787 2233 2802 ‚

243 2809 360 2882 voluit
377 2809 542 2879 castitatis
556 2805 773 2879 intellectum
789 2833 862 2879 esse
878 2813 915 2878 in
927 2831 1053 2902 genere
1068 2807 1238 2896 hnmano,
1283 2785 1489 2916 Q&
2126 2783 2241 2908 {Q

182 2947 188 2956 =
244 2925 284 2982 ut
307 2934 535 3002 agnoscamus
558 2922 592 2979 et
616 2910 730 3000 ipsum
753 2924 909 2980 mentem
930 2926 1058 2983 castam
1084 2937 1173 2998 esse,
1199 2939 1238 2982 ae
1567 2933 1569 2944 ·

244 3013 514 3082 discernendam
539 3037 557 3081 a
581 3011 718 3081 nectaris
742 3011 946 3085 immundis.
1001 3012 1109 3086 Hunc
1131 3016 1240 3106 igitur
1385 3095 1386 3100 ἵ
1612 2971 1669 3059 Ε·
1699 2965 1951 3084 Sdmel'fi‘i·

244 3115 408 3184 ordinem
431 3135 451 3182 a
472 3109 547 3182 Deo
574 3112 778 3182 institutum
800 3115 911 3185 taetus
935 3117 1166 3207 amplectere,
1198 3141 1238 3187 ac
1353 3133 1560 3208 reparant.
1580 3134 1676 3206 pass.
1697 3127 2002 3202 (sacernantur.
2024 3149 2070 3205 ep.
2087 3132 2160 3196 nst.

244 3213 322 3286 Deo
346 3215 474 3305 gratias
497 3215 611 3304 agito,
637 3215 732 3307 quod
754 3227 788 3286 te
810 3217 855 3286 ab
876 3216 1028 3310 impuris
1046 3232 1082 3290 et
1097 3218 1238 3290 incestis
1979 3287 1988 3306 ,

245 3317 449 3388 sacrificulis
464 3329 498 3386 et
513 3311 701 3386 Monachis
722 3317 897 3402 seiunxit,
923 3333 1063 3391 etcerta
1081 3343 1141 3412 spe
1165 3334 1238 3391 sta·
1553 3289 1594 3362 Ε
1603 3285 1687 3362 '1¹⁰
1699 3317 1718 3360 Γ
1727 3285 1755 3360 d
1761 3315 1782 3361 ⁰
1809 3285 2017 3385 SMPPW

245 3420 335 3490 tuito
353 3433 450 3490 tuam
465 3413 659 3488 Ecclesiam
676 3419 904 3490 domesticam
922 3417 999 3490 Deo
1024 3445 1131 3492 curae
1152 3425 1239 3506 fore,
1283 3429 1331 3518 S,
1357 3441 1401 3518 1).
1453 3443 1538 3514 post
1558 3443 1624 3513 tter
1638 3433 1806 3508 pavidis
1822 3428 2029 3527 nostem),
2057 3423 2245 3522 DuxLigai

246 3545 352 3615 ‘luem
367 3544 450 3600 ⁰¹⁰2
476 3534 515 3589 ¹¹¹
530 3535 563 3590 ¹0
576 3531 614 3590 ²²
630 3541 795 3612 ⁸9⁰⁰⁵³m
814 3535 911 3592 luam
933 3535 967 3593 0¹
983 3537 1145 3616 Paremes
1166 3547 1240 3593 Μ’
1282 3547 1398 3618 cerasis
1415 3545 1557 3637 Lipsiae
1573 3569 1652 3614 cum
1665 3539 1688 3611 I
1688 3534 1857 3612 aethium
1873 3541 1917 3608 de
1931 3539 2008 3608 suis
2024 3533 2187 3608 Ecclesiis
2199 3529 2246 3598 cel·

245 3635 304 3691 vel
325 3623 539 3706 5¹¹⁶⁰¹¹¹¹¹¹⁶⁸2
571 3637 606 3693 ⁹²
626 3623 734 3694 faciat
762 3637 802 3695 ¹¹²
828 3625 1032 3715 mniussium
1064 3637 1164 3696 tuum
1193 3625 1241 3696 δὴ
1282 3649 1422 3722 locotus
1437 3661 1506 3732 est,
1531 3647 1633 3740 cique
1648 3643 1812 3714 mandata
1828 3644 1873 3710 ad
1887 3663 1943 3709 me
1957 3639 2074 3714 dedit.
2125 3629 2247 3708 Mididi

245 3723 400 3796 faustum
415 3737 449 3793 et
463 3723 560 3796 felix.
612 3721 795 3793 Venissem
814 3725 907 3820 ipse,
932 3747 998 3798 uec
1019 3740 1103 3798 utor
1120 3727 1239 3797 sucosa
1282 3775 1318 3822 ,e
1333 3751 1422 3844 pepp
1437 3747 1567 3818 virum
1583 3747 1747 3835 doctum,
1770 3767 1912 3836 gravem
1928 3755 1962 3812 ep
1981 3739 2140 3836 peritum
2156 3735 2250 3828 guber.

247 3825 490 3908 excusatione,
522 3823 593 3892 nisi
616 3849 674 3894 me
693 3821 861 3896 Sabinus
881 3828 1063 3913 retineret,
1088 3829 1151 3924 qui
1174 3829 1239 3898 ad·
1284 3853 1440 3924 uastant,
1469 3845 1727 3928 Ecclesiam,
1761 3845 1823 3938 qui
1843 3845 1888 3914 sit
1908 3843 2024 3913 lector
2047 3837 2249 3926 Theologicut

247 3941 316 4012 est,
350 3939 385 3998 et
406 3927 518 3997 multa
539 3923 679 4014 negotia
704 3925 832 4002 attulit.
892 3927 1001 4002 Mitto
1021 3931 1088 4002 tibi
1108 3954 1239 4002 munus
1283 3955 1321 4024 3„
1349 3953 1444 4027 Urbe
1469 3945 1671 4046 Lignicia‚
1695 3962 1730 4019 ει
1757 3949 1935 4036 inspector
1958 3941 2197 4015 Ecclesianno
2217 3949 2251 4004 te

246 4020 449 4200 ζῖμῆλωνι
483 4021 705 4098 mmmmm
745 4029 842 4098 “liud
876 4031 1069 4126 aliquam
1109 4056 1240 4107 ⁰⁰¹³m·
1283 4057 1354 4128 tius
1376 4056 1534 4128 ditionis.
1586 4051 1784 4122 Additums
1807 4061 1858 4122 est
1882 4061 1916 4118 et
1937 4045 2032 4117 alios
2053 4045 2250 4120 lectores,ul

219 4145 224 4162 ⁸
292 4155 331 4200 ea
351 4131 507 4202 coniunx
522 4143 603 4201 tuae
618 4152 768 4220 sponsae
784 4133 904 4204 omnia
927 4135 1040 4205 fausta
1062 4149 1240 4226 precatur,
1284 4183 1402 4230 coram
1429 4183 1469 4228 „x
1495 4145 1691 4226 [oachim
1716 4165 1751 4222 st
1773 4173 1830 4220 mg
1856 4147 1981 4218 audire
2008 4146 2155 4240 poteris,
2204 4135 2252 4206 Ge

248 4255 340 4326 quae
361 4232 458 4303 testis
480 4245 530 4302 eet
552 4229 727 4324 Baptismi
749 4231 871 4322 ipsius.
921 4233 1020 4307 Bene
1042 4250 1078 4307 et
1089 4236 1241 4306 feliciter
1283 4284 1351 4330 nu,
1375 4253 1563 4330 hominum
1589 4256 1768 4350 placidum
1795 4265 1828 4322 οι
1852 4251 2056 4322 officiosum
2086 4261 2146 4318 est.
2191 4239 2251 4311 Lite

247 4333 508 4408 V³i²i²⁰¹¹¹¹¹⁸⁸·
559 4331 628 4404 1³5⁰
649 4330 824 4410 ῙῦῗΜθίῙ·
874 4331 984 4410 ᾹΠΠΟ
1004 4333 1114 4413 1549·
1284 4385 1372 4452 guae
1401 4383 1510 4430 sonus
1532 4383 1607 4427 non
1638 4357 1775 4427 alienus
1805 4377 1826 4424 a
1857 4363 1979 4422 nostra
2014 4343 2254 4421 consuetudine

1285 4461 1484 4533 Munditias
1499 4461 1612 4551 victus
1627 4457 1753 4528 eximia
1770 4467 1832 4527 est.
1873 4451 2001 4548 ltaque
2014 4466 2164 4534 certam,
2178 4444 2254 4536 plan,

1285 4577 1319 4634 et
1342 4560 1525 4634 honestam
1546 4560 1766 4632 functionem
1788 4557 1837 4626 ibi
1856 4550 2052 4627 habiturus
2076 4577 2132 4630 es,
2156 4549 2183 4616 si
2202 4561 2254 4612 ean

247 4698 432 4778 Nom&
1079 4705 1240 4781 unffi
1285 4665 1442 4758 accipere
1467 4663 1576 4735 voles.
1628 4657 1726 4730 Bene
1751 4673 1786 4729 et
1810 4657 1961 4776 feliciter
1975 4657 2079 4740 vale,
2104 4667 2138 4724 et
2159 4663 2254 4770 aptam·

246 4753 444 4830 Μ.
1098 4799 1237 4828 ww
1284 4767 1440 4860 primum
1474 4765 1692 4836 volttntalem
1725 4775 1822 4832 tuam
1855 4757 2071 4850 srgmlicato.
2130 4753 2192 4826 Dte
2212 4741 2254 4814 Ε·

526 4871 595 4958 Μ.
628 4871 966 4984 Meienburgc'o.
1285 4867 1387 4943 Maii.

317 5025 404 5101 Epi-t
421 5027 468 5084 nt.
485 5029 519 5085 V.
537 5049 565 5102 p.
581 5029 684 5102 tsesq.
1288 5053 1502 5070 ............

248 5179 308 5256 M
310 5177 491 5255 tetam
513 5179 865 5282 Meienborgie,
889 5179 1033 5256 consuli
1053 5169 1237 5258 Northus.
1316 5153 1624 5332 2)⁸(·3h¹;·¹:n⁸;¹¹b“¹·‘
1642 5155 1738 5212 Dm
1751 5153 1835 5211 Μ·

245 5317 297 5405 S·
322 5328 367 5406 D.
416 5327 673 5402 Honestissima
703 5333 778 5418 vir,
810 5345 845 5402 et
876 5330 988 5402 amice
1021 5322 1236 5399 charissime.

243 5431 428 5526 Nusquam
452 5433 502 5502 sie
522 5431 724 5526 acquiesco,
748 5447 789 5505 ut
811 5431 850 5504 io
864 5429 1052 5530 cossoquiis
1074 5391 1256 5529 fideliumi
