4730 6202
210 314 309 394 1155
780 289 1213 374 EPISTOLARUM

215 503 286 560 tem
307 495 396 574 opto
417 480 518 552 vobis
533 475 719 556 omnibus,
739 475 786 565 τῇ
801 464 969 570 θυγατρί
984 487 1053 542 σου
1069 460 1213 561 φίλημα

216 581 280 660 καὶ
303 608 349 680 sq
375 579 463 680 viri.
520 578 618 650 Bene
641 590 677 648 et
702 575 854 644 feliciter
876 575 999 647 valete.
1054 568 1123 640 Die
1153 567 1213 638 18.

219 687 391 760 llecemb.

920 885 1014 894 ...ιι--
1026 879 1181 892 *cunm-⁴·-

232 897 398 910 W

1047 1039 1103 1100 21.
1124 1027 1220 1091 Deob.

1042 1117 1214 1152 Μ

225 1043 291 1116 Νο.
307 1038 417 1112 5286.

232 1141 445 1178 Μ

577 1215 881 1306 Scholasticis,

298 1377 404 1446 Scripta
421 1372 497 1446 publ.
515 1375 549 1430 T.
566 1376 587 1429 l.
607 1394 633 1444 p.
649 1373 709 1427 441.
727 1399 761 1412 -·
799 1369 895 1423 Addidi
916 1367 963 1420 lrie
982 1368 1035 1420 boe
1055 1361 1136 1418 Eberi
1155 1360 1221 1414 reri·

331 1457 424 1518 ptum,
446 1443 509 1564 spoia
523 1445 581 1496 eius
597 1443 716 1496 namatio
734 1439 767 1494 de
780 1450 871 1520 morte
885 1437 974 1518 uxoris
989 1433 1096 1488 botheri
1117 1451 1131 1486 a
1147 1433 1220 1484 Cor·

334 1533 402 1586 pore
414 1513 453 1567 lle
467 1521 636 1567 ornatorum
651 1511 744 1564 abesse
760 1525 836 1580 posse
849 1525 889 1558 ur
904 1504 1055 1558 ridebatur.

236 1663 283 1744 V
278 1659 464 1738 iseRector
484 1657 705 1832 Academlixap
728 1655 1023 1754 Witebergensis
1044 1650 1224 1726 Paulus

710 1785 824 1835 eros.

237 1909 309 1992 Est
329 1942 410 1988 vere
430 1915 560 2008 tragice
576 1915 708 1984 dictum
724 1915 768 1983 ab
782 1906 996 2004 Euripide')
1018 1912 1062 1979 de
1086 1909 1224 1978 miseria

237 2021 374 2112 generis
390 2015 538 2088 humani
556 2032 589 2086 et
607 2015 744 2086 infinita
761 2017 853 2084 mole
868 2035 1128 2092 aerumnarum,
1141 2033 1228 2104 quas

239 2123 387 2194 sustinet
401 2116 487 2190 haec
504 2119 642 2214 infirma
656 2132 801 2187 natura:

283 2249 340 2318 orla
360 2245 442 2314 dorca
464 2245 555 2312 oridia
577 2243 691 2330 decedo,
712 2235 773 2312 ὧδ’
795 2247 903 2326 εἰπεῖν,
925 2242 997 2320 i‘uoc

283 2333 355 2442 εὗδε
377 2332 501 2410 πάθος,
525 2329 598 2395 οὐδὲ
620 2329 765 2414 ξυμφορὰ
788 2327 943 2436 deploro:

281 2445 320 2503 ης
341 2417 399 2483 οὐκ
420 2415 459 2481 dv
482 2414 584 2501 ἄραιτ’
608 2415 711 2498 ἄχθος
732 2415 903 2500 ἄνθρωπον
925 2413 1028 2500 φύσις.

243 2541 324 2631 Qua
337 2541 531 2624 sententia,
549 2561 628 2607 cum
646 2560 684 2606 ea
701 2537 738 2606 iu
756 2529 1052 2607 theatroAthenis
1069 2556 1211 2626 pronun

244 2643 417 2722 ciaretnr,
450 2641 500 2708 ita
522 2653 717 2708 commotus
740 2652 791 2706 est
806 2637 985 2721 Socrates,
1008 2637 1063 2704 vir
1086 2635 1229 2704 oraculo
1257 2693 1259 2712 ,

242 2739 417 2835 Delphico
433 2740 607 2810 iudicatos
624 2741 920 2829 sapientissimus,
944 2753 983 2808 ut
999 2759 1145 2826 surgens
1161 2735 1231 2804 alta

245 2870 329 2915 voce
354 2843 559 2911 inclamaret
588 2835 817 2922 histrionem,
847 2841 1064 2932 eandemque
1090 2851 1231 2906 senten-

175 3033 179 3040 ,
245 2947 330 3016 tiam
347 2957 503 3034 repetere
518 2941 665 3013 iuberet.
717 2936 879 3009 Omnino
897 2941 991 3008 enim
1010 2953 1155 3010 testatur
1173 2963 1231 3006 ex-

246 3045 439 3138 perientia,
464 3043 594 3111 multos
610 3036 748 3110 bomini
772 3043 913 3110 evenire
936 3042 1154 3112 tristissimos
1174 3064 1232 3108 ca-

247 3171 316 3231 sus,
333 3169 484 3238 quorum
502 3167 547 3210 ne
567 3143 730 3230 cogitatio
747 3143 891 3235 quidem
906 3167 1064 3236 unquam
1081 3142 1118 3209 in
1132 3165 1232 3208 mcu-

248 3265 318 3318 tem
333 3257 477 3314 venerat
495 3257 609 3317 antea.

347 3359 426 3432 Etsi
450 3375 567 3432 autem
590 3359 680 3429 ratio
705 3353 860 3429 bumana
882 3359 1048 3429 omnibns
1064 3358 1233 3447 tempori-

248 3466 315 3534 bus
329 3485 448 3532 causas
467 3461 604 3554 quaerit
621 3474 735 3529 tantae
757 3453 961 3555 miseriae²)
984 3461 1022 3528 in
1043 3455 1109 3530 hac
1133 3485 1233 3549 prae-

250 3564 356 3634 stanti
380 3577 414 3632 et
428 3561 502 3630 Deo
521 3561 702 3630 simillima
717 3575 863 3644 natura,
889 3576 1008 3631 tamen
1022 3562 1096 3630 sola
1110 3557 1234 3629 Eccle-

250 3665 301 3734 sia
317 3665 490 3733 divinitus
512 3665 634 3732 edocta
657 3685 729 3730 non
753 3685 872 3734 causas
893 3663 1007 3732 solum
1029 3663 1093 3731 scit
1109 3657 1233 3729 harum

250 3789 518 3848 aerumnarum,
551 3766 611 3832 sed
641 3762 810 3832 auxilium
839 3787 979 3857 quoque
1011 3765 1106 3832 unde
1141 3776 1235 3854 petat

252 3861 374 3945 habet,
400 3879 435 3934 et
449 3877 565 3932 tutum
588 3877 728 3952 portum
746 3865 931 3954 prospicit,
954 3890 1023 3958 quo
1050 3890 1085 3934 se
1106 3864 1233 3932 libera-

251 3981 323 4034 tam
345 3967 389 4036 ab
412 3961 466 4033 his
488 3965 690 4054 ingentibus
711 3965 814 4034 malis
828 3967 971 4036 tandem
989 3979 1234 4056 perventuram

252 4067 368 4146 videt,
394 4066 543 4160 ideoque
558 4068 624 4134 fert
638 4065 742 4133 etiam
760 4080 958 4156 praesentes
974 4089 1160 4135 aerumnas
1173 4091 1236 4156 pa-

1266 283 1371 360 LlB.
1402 281 1487 360 xtt.
1541 278 1673 359 1552.
2149 279 2229 356 1156

1266 453 1510 526 reverendi'et
1532 453 1642 524 sancti
1664 451 1753 537 oiri,
1787 447 1937 522 Domini
1960 445 2121 522 Doctoris
2134 447 2229 523 Mor-

1267 553 1339 624 tins'
1350 547 1522 624 Lutdcri.
1573 553 1663 624 Nam
1681 578 1761 624 cum
1777 551 2041 622 acerbissimum
2053 552 2173 622 vulnus
2186 581 2231 623 ac-

1267 656 1414 748 cepisset
1435 680 1477 726 cx
1502 669 1615 726 morte
1638 655 1775 740 mariti,
1812 677 1918 746 qoem
1942 653 2087 723 dolebat
2121 655 2156 724 in
2177 657 2233 724 alio

1267 761 1346 828 loco
1364 780 1438 826 esse
1454 757 1667 843 extinctum,
1684 756 1749 826 ubi
1764 754 1960 844 aegrotanti
1974 755 2094 823 adesse
2107 770 2140 826 ct
2154 781 2235 846 prae-

1269 873 1361 930 stare
1374 858 1478 928 fidem
1491 872 1526 930 et
1535 873 1687 928 extrema
1702 857 1816 926 officia
1832 857 1910 948 piae
1919 855 2081 945 corriugis
2095 858 2237 928 morienti

1271 984 1344 1030 non
1368 961 1540 1050 potuerit,
1569 983 1651 1030 mox
1674 960 1859 1028 subsecuto
1883 957 1978 1027 bello
1996 981 2077 1027 cum
2092 953 2239 1050 orphanis

1272 1061 1393 1132 liberis
1409 1061 1672 1132 circumerravit
1687 1061 1725 1128 in
1746 1059 1852 1128 exilio
1876 1058 2039 1128 maximis
2062 1083 2139 1129 urm
2163 1061 2239 1130 dilli-

1272 1163 1461 1232 cultatibus
1486 1175 1520 1232 et
1543 1161 1725 1254 periculis,
1758 1176 1793 1230 ει
1819 1171 1958 1250 praeter
1992 1161 2172 1232 viduitatis
2197 1162 2241 1228 io·

1273 1265 1479 1348 commoda,
1511 1287 1600 1357 quae
1624 1261 1835 1351 multiplicia
1860 1274 1961 1346 sunt,
1993 1260 2099 1330 etiam
2125 1278 2243 1352 experta

1274 1377 1325 1433 est
1346 1387 1510 1454 magnam
1536 1363 1826 1454 ingratitudinem
1848 1362 2065 1451 multorum,
2091 1387 2111 1431 a
2137 1365 2245 1454 quibus

1274 1467 1603 1556 speransbenelicia
1620 1478 1764 1554 propter
1787 1463 1904 1531 rrrariti
1932 1463 1988 1530 sui
2010 1463 2167 1550 ingentia
2188 1489 2246 1532 me-

1275 1567 1342 1636 rita
1358 1567 1500 1658 publica
1517 1569 1554 1636 iu
1569 1563 1782 1650 Ecclesiam,
1807 1587 1908 1656 saepe
1930 1564 2085 1656 turpiter
2102 1565 2245 1636 [rostrata

1277 1680 1339 1737 est.

1378 1764 1541 1834 Tandem
1561 1789 1640 1834 curu
1663 1765 1825 1854 contagio
1842 1767 2066 1857 pestilentiae
2083 1765 2183 1838 etiam
2196 1769 2248 1836 do-

1278 1891 1376 1935 mum
1404 1867 1513 1957 ipsius
1539 1879 1628 1936 essct
1651 1867 1800 1951 insecta,
1826 1882 1865 1937 ut
1886 1868 2017 1938 liberos
2043 1894 2086 1938 ex
2110 1869 2246 1958 periculo

1279 1969 1450 2058 eriperet,
1470 1971 1565 2060 quod
1587 1969 1679 2058 piam
1697 1981 1845 2036 matrem
1871 1971 1987 2054 decet,
2015 1969 2148 2041 iterum
2169 1969 2247 2037 exilii

1279 2069 1503 2140 difficultates
1525 2069 1688 2160 suscipit,
1715 2069 1807 2140 etin
1829 2070 1971 2150 itinere,
2004 2097 2089 2140 cum
2112 2085 2248 2140 conster-

1280 2171 1382 2239 nanti
1405 2170 1488 2264 equi
1513 2195 1656 2240 currum
1678 2193 1742 2260 per
1764 2169 1841 2240 avia
1856 2173 2031 2262 captaturi
2051 2174 2247 2254 viderentur,

1280 2271 1401 2341 territa
1424 2272 1550 2340 misera
1576 2285 1738 2339 matrona
1759 2295 1831 2340 non
1854 2285 1924 2340 tam
1946 2297 2008 2342 sua
2044 2299 2150 2368 qoam
2177 2275 2247 2342 libe-

1281 2396 1403 2442 rorum
1418 2395 1520 2442 causa
1539 2397 1581 2442 ex
1602 2395 1709 2442 curru
1732 2373 1899 2442 desiliens
1922 2397 2052 2466 corpus
2079 2377 2118 2444 in
2141 2389 2247 2444 terram

1281 2475 1434 2564 graviter
1448 2474 1582 2560 allidit,
1608 2488 1643 2544 et
1666 2475 1704 2544 in
1725 2473 1888 2544 lacunam
1910 2477 2060 2566 frigidae
2084 2501 2190 2571 aquae
2210 2477 2248 2542 lo-

1212 2575 1232 2588 “
1256 2573 1259 2687 l
1283 2577 1399 2655 bitur,
1432 2577 1494 2644 ubi
1518 2576 1646 2666 partim
1673 2578 1958 2646 consternatione
1982 2578 2115 2659 animi,
2144 2577 2247 2668 partior

1283 2677 1473 2746 afflictione
1490 2680 1648 2767 corporis
1663 2700 1704 2744 ex
1717 2677 1780 2744 illo
1797 2701 1878 2746 casu
1895 2679 1932 2746 in
1946 2681 2115 2748 morbum
2131 2701 2247 2769 gravem

1283 2780 1400 2846 statim
1426 2779 1569 2860 incidit,
1602 2802 1674 2869 quo
1703 2778 1842 2847 assidue
1866 2781 2085 2850 decumbens
2120 2780 2249 2870 amplios

1282 2880 1453 2948 trimestri
1471 2879 1509 2946 in
1526 2879 1630 2946 exilio
1654 2880 1822 2969 paulatim
1842 2883 2035 2950 contabuit,
2090 2879 2180 2948 Toto
2200 2903 2249 2946 ao-

1284 2995 1353 3050 cern
1378 2981 1493 3048 morbi
1517 2993 1673 3070 tempore
1695 3003 1731 3047 sc
1753 2981 1864 3070 ipsam
1888 2983 2076 3050 consolans
2102 3005 2182 3049 voce
2198 2977 2249 3046 llei

1284 3083 1509 3166 sustentavit,
1541 3095 1576 3152 et
1597 3081 1802 3150 ardentibus
1826 3083 1916 3151 votis
1939 3083 2115 3173 placidam
2142 3081 2249 3170 migra·

1283 3185 1417 3254 tionem
1433 3207 1474 3251 ex
1489 3178 1553 3251 bac
1569 3206 1778 3251 aerumnosa
1791 3184 1862 3252 vita
1877 3185 2029 3275 optavit,
2045 3208 2148 3275 saepe
2164 3183 2249 3252 etiam

1285 3282 1479 3353 Ecclesiam
1505 3298 1540 3353 et
1567 3285 1697 3353 liberos
1720 3307 1802 3352 suos
1824 3283 1899 3354 Deo
1922 3287 2198 3368 commendavit,
2225 3297 2249 3352 et

1286 3401 1425 3477 precata
1442 3399 1513 3468 est,
1536 3401 1575 3456 ut
1595 3385 1729 3476 puritas
1746 3387 1946 3470 doctrinae,
1973 3413 2082 3480 quiam
2098 3385 2189 3456 Dens
2202 3407 2250 3474 per

1287 3487 1403 3556 mariti
1427 3511 1546 3554 vocem
1572 3483 1654 3556 huic
1678 3501 1873 3575 postremae
1896 3495 1998 3558 aetati
2017 3489 2187 3572 reddidit,
2207 3487 2249 3554 in·

1287 3601 1449 3676 corrupta
1467 3589 1511 3655 ad
1529 3603 1686 3677 posteros
1702 3589 1893 3657 transmitti
1913 3592 2034 3680 possit.

1386 3685 1434 3756 Ei
1448 3689 1554 3756 furius
1571 3689 1630 3758 bet
1646 3684 1750 3756 bodie
1767 3685 1852 3758 liora
1868 3691 1981 3759 tertia.
2034 3689 2187 3760 Petimus
2200 3687 2249 3776 igi-

1287 3802 1365 3872 tur,
1390 3803 1432 3858 ut
1447 3790 1623 3858 auditores
1646 3791 1758 3858 nostri
1782 3793 1995 3862 conveniant
2012 3795 2057 3860 ad
2079 3789 2249 3882 hospitium

1260 3891 1415 4002 lipsius,
1442 3893 1537 3983 quod
1564 3906 1616 3962 est
1637 3892 1675 3959 in
1699 3893 1856 3980 proxima
1882 3895 2016 3982 platea,
2045 3919 2115 3986 qua
2130 3896 2198 3962 itur
2217 3889 2248 3956 ad

1261 4005 1264 4124 Ι
1287 4017 1421 4075 arcem,
1448 4005 1482 4061 et
1507 3987 1572 4060 hoc
1594 4008 1808 4083 postremum
1833 3995 1988 4064 oibcinm
2013 3987 2249 4084 praestentbo·

1287 4106 1406 4162 nestas
1439 4107 1639 4174 matronae,
1672 4108 1711 4164 υι
1742 4108 1935 4180 testentur,
1970 4119 2006 4164 se
2038 4097 2248 4182 magnifacere

254 4167 397 4250 tienter,
424 4181 459 4237 ‘l
480 4167 651 4284 ‘'ulillum
668 4163 735 4235 ΒΗ
751 4167 933 4285 implqfflls
959 4181 992 4284 {l
1008 4168 1093 4252 stili
1119 4191 1236 4283 Prfflfs
1262 4211 1264 4250 t
1288 4194 1398 4284 ipsius
1415 4195 1542 4262 viduae
1559 4197 1737 4283 pietatem,
1762 4221 1851 4288 quoe
1865 4199 2001 4286 egregia
2017 4198 2054 4264 in
2073 4221 2112 4266 ea
2127 4195 2207 4265 luxit
2220 4192 2246 4258 in

256 4290 423 4386 spaspon
441 4290 513 4336 esse
529 4281 664 4348 rrrrtas,
680 4270 747 4385 ’sed
764 4283 823 4337 aut
836 4269 1081 4338 liberationem
1099 4282 1241 4370 autmr-¹
1288 4307 1360 4363 tot,
1377 4295 1466 4373 Vp„
1501 4310 1535 4364 e,
1556 4291 1797 4384 orphanorum
1820 4298 2027 4385 gravissimo
2049 4300 2147 4366 luctu
2168 4292 2247 4374 affici,

255 4381 457 4457 ligationem
479 4369 653 4437 malornm
678 4383 885 4458 impetrare,
914 4384 948 4439 et
975 4365 1040 4436 hac
1070 4392 1130 4460 spe
1164 4391 1235 4436 sese
1289 4411 1323 4466 e,
1352 4418 1525 4462 memor„
1551 4419 1624 4464 esse
1654 4399 1862 4466 memorum
1894 4399 2021 4488 patris,
2054 4397 2147 4468 ΒΜ
2167 4395 2246 4464 Dos„

256 4482 446 4548 sustentat,
480 4471 575 4560 quod
596 4483 700 4539 restet
723 4473 864 4538 tandem
880 4471 1061 4554 liberatio,
1087 4469 1236 4537 allatura
1288 4489 1630 4564 Margpnffiuggeri
1644 4497 1719 4586 95,oe
1734 4499 1935 4583 memoriae,
1958 4523 2049 4592 quae
2064 4513 2156 4570 tam,
2173 4505 2246 4572 ,ung

256 4583 432 4686 “limam
456 4569 604 4657 3¹⁰rl³¹¹¹
626 4584 661 4639 ‘l
684 4569 855 4686 ¹³²¹l⁰i³¹¹¹
880 4573 1071 4640 inlelema
1089 4593 1235 4686 misse·
1289 4612 1329 4668 ut
1356 4621 1394 4664 ea
1417 4598 1515 4664 nulla
1537 4620 1603 4665 vox
1626 4597 1803 4668 celebrare
1826 4599 1908 4668 satis
1939 4625 2003 4690 pro
2025 4595 2246 4689 magnitudine

256 4671 380 4740 tudine
407 4694 487 4738 cum
511 4667 586 4738 Deo
614 4684 648 4739 et
671 4671 816 4739 domino
839 4687 959 4742 nostro
984 4670 1062 4741 lcso
1082 4666 1236 4756 Clrrrsto,
1290 4697 1418 4790 possit,
1442 4710 1476 4766 21
1493 4697 1598 4765 simul
1613 4719 1731 4788 preces
1748 4700 1982 4790 coniungant,
2007 4697 2244 4770 orantesDeun

256 4772 452 4841 “dmm'‘
467 4771 703 4840 ‘lhhefflmre
719 4793 797 4840 ⁵¹¹⁰·
1289 4811 1472 4868 aeternnm
1503 4813 1636 4888 patrem
1669 4797 1772 4872 Dom.
1804 4805 1916 4871 nostri
1940 4801 2020 4870 lesu
2044 4796 2188 4876 Christi,
2216 4805 2245 4862 ot

357 4883 436 4956 Hac
451 4909 512 4976 spe
526 4908 562 4954 se
579 4885 683 4954 etiam
702 4889 808 4956 erexit
824 4887 862 4956 in
876 4887 1012 4976 magnis
1029 4888 1236 4958 calamitati·
1289 4898 1474 4988 Evangelii
1491 4899 1625 4982 lucem,
1652 4925 1758 4993 quam
1777 4925 1840 4990 p„-
1855 4898 1948 4970 hun,
1963 4903 2082 4970 ,irum
2100 4902 2245 4968 imm„

258 4987 329 5054 ¹³⁰⁵
340 4986 398 5076 Pla
414 5001 574 5056 ¹¹¹³lr⁰¹¹³
590 4977 805 5056 Camarina
823 5013 847 5056 ⁰
861 4983 986 5071 Bm,
1009 5003 1091 5059 nala
1110 5013 1150 5056 ΕΚ
1173 5013 1238 5056 ΠΟ·
1290 5002 1449 5070 bonitate
1466 5001 1583 5069 denuo
1599 4994 1665 5070 bac
1681 5015 1853 5092 postrema
1869 5015 1979 5072 aetate
1997 5001 2122 5069 mundi
2143 5017 2242 5067 acceo

257 5087 321 5154 bili
346 5086 481 5156 familia
502 5089 671 5178 equestris
693 5089 830 5158 ordinis
853 5090 893 5157 in
908 5089 1058 5169 Misnia,
1084 5091 1238 5159 coniunx
1292 5103 1363 5184 dit,
1388 5125 1514 5192 puram
1534 5115 1734 5184 conservet,
1760 5115 1794 5170 e,
1820 5105 1895 5170 epu,
1916 5102 2036 5170 fidel„
2049 5103 2198 5170 doctor„
2217 5104 2242 5160 ρ(

1290 5216 1537 5294 propagatores
1552 5215 1692 5271 tueatur
1707 5217 1872 5290 arrogat,
1898 5215 1933 5270 et
1946 5202 2086 5293 politias
2101 5205 2241 5291 protegtl

252 5248 475 5268 *unna—-

290 5346 320 5502 il
334 5339 636 5484 &dimiserimus
648 5447 718 5498 quaa
731 5437 798 5485 maa
810 5437 909 5485 aurae
923 5431 1060 5496 mtraraa,
1081 5432 1219 5488 mendose.
1291 5407 1386 5480 bent.
1439 5405 1492 5473 To
1499 5429 1575 5494 rgae
1592 5406 1649 5474 die
1666 5399 1826 5484 'l'lromae
1842 5403 2005 5495 Apostoli
2022 5427 2113 5473 anno
2131 5395 2219 5473 1562.

1291 5299 1553 5396 qnaelllcclesiis
1578 5317 1611 5372 et
1628 5299 1757 5372 sobolis
1783 5297 1934 5393 hospitia
1956 5303 2141 5372 mediocria
2163 5315 2239 5388 prae·
2310 5291 2311 5310 ¹
