4592 6218
49 319 113 394 ns
564 313 1004 394 rmsrouauum
1059 315 1164 418 um.
1200 311 1297 393 xm.
1352 313 1482 390 esse.
1997 319 2070 394 ns

46 496 207 580 divinam,
230 503 265 562 st
280 489 486 564 intucamur
498 513 651 583 poenas,
676 505 933 564 acrevereuter
945 487 1027 562 Deo
1079 489 1205 566 urticis
1235 487 1468 582 opinionibus
1493 489 1626 576 barala,
1658 490 1823 582 imposita
1848 503 1900 562 est
1921 485 2078 584 miserae

45 599 329 690 obtemperemus,
343 593 546 664 armamus
559 589 724 664 eum‘ha'c
736 594 938 666 obedientis
953 594 1023 668 coli
1076 589 1272 677 Ecclesiae,
1304 615 1402 662 nuuc
1425 591 1607 687 tyrannice
1628 593 1794 663 barbarie
1812 589 2012 680 stabilitur,
2030 609 2070 684 ,et

43 699 135 768 velle.
188 693 243 768 se
261 697 396 770 unum
423 708 479 766 est
503 689 569 764 boc
590 695 723 766 virtute
753 695 864 766 multa
896 719 1022 786 magua
1077 697 1216 766 castitas
1240 690 1402 786 pellitur,
1429 707 1463 766 et
1485 696 1718 785 negliguntur
1737 698 1840 766 uersi
1864 697 2072 788 discipliuae

42 801 127 872 mela
147 795 261 872 vitici.
320 795 410 868 Nam
432 819 560 888 mapa
589 817 670 888 pam
690 798 931 868 calamitatum
953 793 1025 868 bu·
1077 796 1275 869 amessarii.
1457 883 1461 892 Ι

42 922 216 972 manarum
232 923 252 970 a
274 897 488 970 libidinibus
510 898 637 972 oritur.
686 895 735 970 Et
756 914 895 990 peccata
918 900 1026 970 serui-
1178 895 1269 969 Cum
1285 911 1404 968 mrtem
1418 894 1514 968 Deus
1530 909 1622 972 amet
1643 893 1853 990 castitatem,
1879 911 1916 970 et
1932 921 1993 970 sera
2018 921 2073 970 sa·

41 997 633 1096 uisplemmqueDeusiusemine‚
657 1001 693 1070 id
718 1013 787 1082 est,
813 1001 851 1070 in
874 1003 1025 1093 posteri-
1078 1000 1211 1092 pientia
1233 996 1399 1089 Coniugii
1429 1001 1521 1089 leges
1544 997 1719 1086 sanxerit,
1752 1023 1817 1072 oro
1849 1001 1967 1094 ipsum
2000 1025 2072 1072 una

41 1119 124 1190 rate,
144 1104 258 1195 punit,
314 1097 362 1171 Fa
381 1101 506 1189 regula
527 1115 708 1186 servator,
739 1103 811 1174 eires
836 1097 956 1176 addua
976 1097 1024 1176 τὰ
1078 1125 1157 1172 cum
1180 1101 1304 1172 multis
1328 1101 1407 1170 eliis
1428 1125 1509 1171 vere
1533 1102 1783 1172 invocantibus
1806 1125 1906 1188 euru,
1936 1117 1977 1176 ut
2000 1105 2073 1196 ipse

40 1205 148 1298 ἔρεξε,
170 1199 260 1299 δίκη
275 1201 380 1276 ἰθεῖα
391 1196 597 1302 γένοιτοῆ.
647 1199 696 1274 Et
715 1204 753 1272 in
771 1206 864 1276 libro
874 1205 1025 1298 Sapien-
1078 1227 1144 1274 nos
1166 1215 1312 1296 propter
1328 1201 1479 1298 Filium,
1505 1203 1643 1295 Spiritu
1668 1229 1733 1274 suo
1754 1217 1876 1276 sancto
1891 1217 2008 1295 regat,
2033 1221 2074 1278 ut

40 1309 108 1380 tiae
119 1309 283 1398 scriptum
299 1319 369 1388 est,
394 1299 466 1374 Per
479 1326 575 1403 quus
591 1311 713 1401 peccal
728 1298 856 1388 homo,
877 1329 943 1404 per
963 1329 1025 1376 ees-
1079 1307 1123 1374 ad
1156 1306 1349 1376 castitatem
1385 1319 1506 1375 nostra
1535 1319 1674 1398 pectora
1701 1302 1839 1389 flectat,
1873 1319 1907 1376 et
1931 1315 2076 1378 tencatur

40 1404 294 1506 dempum'lur.
343 1401 410 1480 ded
432 1395 488 1480 ὥν
508 1431 565 1488 τις
588 1401 830 1504 opsonabo,
854 1404 919 1482 bot
936 1401 1026 1480 τού-
1078 1406 1251 1500 Coniugia
1271 1421 1306 1477 ct
1319 1407 1396 1498 pias
1412 1407 1585 1488 familias,
1608 1421 1643 1478 et
1666 1408 1715 1478 eis
1736 1403 1930 1478 Ecclesiam
1952 1421 1987 1480 et
2006 1403 2074 1478 lm-

37 1535 116 1584 eun
130 1502 330 1597 κολάζεται.
658 1559 664 1567 -
1079 1511 1183 1602 spitia
1197 1523 1322 1582 servet.
1374 1504 1537 1580 Omnino
1552 1509 1589 1579 iu
1607 1504 1672 1579 hac
1688 1521 1826 1581 senens
1847 1505 1976 1580 muudi
1996 1534 2075 1579 ma-

137 1609 178 1682 lu
191 1607 257 1681 hae
270 1610 607 1682 commemoratione
625 1631 820 1702 poenamm
836 1609 944 1682 simul
966 1635 1029 1682 ca-
1079 1613 1171 1681 iores
1186 1610 1410 1681 confusiones
1422 1611 1561 1681 futrrras
1577 1633 1670 1694 esse,
1689 1633 1797 1706 quam
1812 1610 1975 1698 fuerunt,
1988 1635 2074 1682 voce

37 1715 181 1787 stitaset
196 1707 335 1784 iusticia
347 1707 416 1782 Dei
432 1713 673 1796 celebrantur,
692 1725 727 1782 et
742 1711 852 1806 aliqui
870 1713 1027 1785 invitan—
1080 1714 1201 1782 divina
1217 1712 1435 1804 praedictum
1453 1726 1515 1783 est.
1568 1711 1638 1784 Sed
1661 1708 1748 1782 haec
1768 1713 1875 1782 simul
1897 1737 1965 1784 nos
1987 1737 2078 1784 con-¹

37 1831 116 1900 tur,
139 1827 177 1886 ut
198 1815 332 1884 maiore
356 1836 439 1882 cura
464 1815 576 1882 vitent
600 1807 684 1884 haec
705 1811 855 1900 scelera,
879 1829 913 1886 ct
934 1815 1033 1884 eata:
1080 1815 1232 1900 solatur,
1253 1827 1287 1885 et
1303 1813 1483 1896 adfirmat,
1508 1812 1624 1884 Deum
1642 1809 1705 1883 has
1722 1835 1909 1884 aerumnas
1929 1816 2071 1907 mitiga-

37 1919 188 1999 mitates,
207 1937 297 2010 quac
319 1913 446 1988 ordine
466 1915 639 1986 divinitus
661 1915 797 1986 sancito
820 1931 1027 2011 sequuntur.
1080 1933 1198 1987 turum
1214 1915 1365 2000 esselis,
1389 1915 1451 2009 qui
1466 1917 1582 2010 ipsum
1596 1916 1774 1985 invocant.

36 2019 133 2091 Haec
153 2029 223 2088 tots
243 2015 415 2107 sapientia
438 2017 482 2084 de
497 2014 681 2100 Castitate,
706 2039 816 2110 quare
830 2015 928 2089 Deus
950 2043 1026 2088 eam
1179 2016 1308 2090 Custos
1330 2029 1381 2086 est
1401 2015 1516 2087 Filius
1538 2017 1605 2088 Dei
1625 2013 1803 2087 Ecclesiae
1824 2041 1926 2104 suae,
1951 2033 1991 2090 ut
2018 2019 2075 2089 in-

36 2119 186 2210 intelligi
202 2117 305 2202 velit,
329 2119 508 2209 quomodo
526 2143 601 2188 eam
618 2119 788 2202 sanxerit,
813 2143 923 2212 quare
943 2145 1027 2212 poe-
1081 2121 1174 2210 quit,
1206 2114 1329 2194 Nemo
1351 2116 1469 2215 rapiet
1494 2141 1575 2190 oves
1599 2138 1699 2188 meas
1723 2115 1959 2191 temonibus
1975 2119 2075 2194 meis.

35 2247 102 2294 nas
124 2219 411 2314 delinquentibus
435 2219 672 2306 ordinaverit,
698 2216 951 2310 comprehensa
976 2235 1027 2292 est
1082 2221 1133 2292 dc
1147 2221 1380 2292 certissimum
1393 2233 1444 2292 est
1457 2217 1650 2292 Ecclesiam
1666 2218 1733 2294 Dei
1749 2216 1845 2292 huuc
1861 2223 1979 2314 ipsum
1996 2247 2076 2296 coe-

36 2327 80 2396 in
101 2323 190 2392 dicto
217 2321 256 2390 iu
280 2320 396 2412 primo
418 2319 511 2390 libro
532 2317 668 2406 Moisi,
690 2319 943 2414 ubiscripturu
966 2339 1029 2408 est,
1080 2337 1156 2394 turu
1187 2345 1279 2404 esse,
1318 2323 1380 2415 qui
1415 2323 1688 2393 fundamentum
1721 2324 1872 2409 retinet,
1913 2326 2077 2395 videlicet

33 2421 153 2497 Dixit
170 2437 363 2502 Dominus,
388 2413 478 2491 Non
495 2429 547 2492 est
564 2417 702 2492 bonurn
720 2415 867 2492 bomini
879 2445 953 2494 csse
968 2447 1028 2496 so·
1079 2421 1314 2516 Evangelium
1331 2427 1375 2492 de
1388 2425 1462 2493 lilio
1479 2422 1544 2494 Dei
1555 2421 1713 2494 Domino
1730 2439 1854 2495 nostro
1874 2423 2078 2498 lestJChri-

35 2526 134 2610 leem,
155 2517 315 2596 Faciam
339 2519 376 2591 ei
393 2517 621 2593 adiutorium
637 2520 770 2598 simile.
818 2523 910 2600 Cum
934 2527 1028 2598 enim
1080 2541 1135 2598 sto
1160 2527 1427 2617 incorruptum,
1453 2525 1553 2596 cuius
1575 2525 1727 2618 agminis
1750 2551 1819 2598 vox
1842 2527 1880 2596 iu
1905 2529 2078 2614 docendo,

35 2630 139 2701 addit
153 2625 422 2720 praelationem,
435 2621 536 2695 Dixit
550 2643 745 2713 nouitatis,
765 2626 936 2718 significat
950 2651 1030 2720 gra·
1081 2644 1115 2700 et
1128 2628 1306 2700 invocatio
1323 2623 1535 2712 audiuntur,
1558 2641 1593 2700 et
1604 2627 1823 2720 conspicitur
1835 2651 1919 2699 usus
1933 2629 2078 2710 rituum,

34 2731 179 2800 sissima
213 2725 469 2798 deliberatione
501 2719 598 2798 huuc
614 2729 794 2798 ¹ordinem
828 2731 1030 2802 institutum
1081 2731 1144 2824 qui
1159 2731 1334 2802 divinitus
1347 2729 1470 2804 traditi
1485 2744 1589 2816 sumt,
1611 2729 1839 2801 consenticus
1859 2751 1939 2800 com
1954 2727 2077 2801 Evau-

34 2855 132 2912 esse,
151 2843 191 2900 ut
206 2823 274 2899 boc
290 2829 398 2898 modo
419 2851 529 2919 genus
551 2821 748 2900 humanum
771 2833 1033 2904 consociaretur
1080 2833 1185 2924 gello.
1243 2829 1288 2902 ln
1310 2825 1378 2901 hoc
1402 2845 1504 2902 coetu
1527 2833 1613 2900 duru
1638 2853 1784 2918 sumus,
1817 2845 1852 2904 et
1880 2834 1966 2902 dum
1993 2827 2078 2902 huic

34 2951 74 3008 et
91 2944 358 3026 propagaretur,
384 2943 418 3005 ct
432 2945 472 3002 ut
488 2931 628 3002 vincula
647 2945 739 3003 certa
760 2947 795 3005 et
808 2949 919 3004 metae
943 2957 1032 3005 cou-
1082 2935 1197 3005 coetui
1223 2933 1414 3014 servimus,
1439 2957 1504 3002 nec
1528 2933 1631 3004 labor
1652 2934 1718 3004 erit
1745 2931 1882 3018 inanis,
1909 2959 1973 3004 nec
1997 2949 2079 3008 vota

32 3034 240 3110 sociatiouis
256 3045 389 3116 essent,
413 3045 446 3101 et
464 3033 653 3124 puniretur
672 3029 780 3106 huius
796 3035 934 3106 ordinis
956 3049 1032 3108 tur-
1082 3051 1187 3108 erum
1209 3033 1321 3108 irritu.
1373 3033 1449 3104 llac
1472 3055 1536 3104 nos
1553 3035 1795 3106 consolatione
1815 3035 1853 3104 in
1867 3022 1933 3106 'bis
1952 3038 2079 3106 conlu-

30 3137 146 3210 balio.
196 3129 271 3206 lam
287 3131 399 3224 cogita
418 3147 590 3228 quantum
608 3135 738 3222 scelus,
755 3149 790 3208 et
804 3151 958 3231 quantus
975 3139 1032 3207 su·
1081 3139 1242 3208 sionibus
1266 3159 1384 3206 rerum
1412 3129 1647 3206 humanarum
1671 3149 1706 3206 et
1734 3135 1772 3205 in
1790 3137 1918 3207 'multis
1942 3138 2080 3228 magnis

31 3263 99 3311 ror
113 3235 167 3314 sit,
181 3259 255 3306 nun
270 3233 386 3305 solum
402 3237 547 3306 turbare
562 3231 657 3306 huuc
674 3227 850 3327 ordinem,
864 3255 1033 3312 oleum
1082 3240 1261 3312 aemmnis
1282 3251 1538 3324 sustentemus,
1570 3251 1606 3309 et
1635 3237 1752 3308 iuvari
1775 3261 1843 3308 uos
1869 3263 1888 3310 a
1912 3235 1986 3309 lilio
2011 3237 2080 3310 Dei

31 3357 139 3424 uzu,
162 3337 199 3408 id
225 3350 296 3422 est,
321 3360 447 3408 arcana
469 3337 725 3410 deliberatione
747 3341 870 3413 diviua
889 3341 1034 3420 iustitu-
1082 3355 1177 3414 certo
1194 3355 1397 3412 statuamus.
1668 3346 1673 3361 '

27 3461 135 3522 tum,
157 3441 217 3510 sed
240 3461 388 3532 prorsus
409 3439 622 3510 contrariam
648 3441 759 3530 legem
780 3443 882 3518 serre.
935 3441 1035 3515 Dixit
1185 3441 1277 3516 Cum
1299 3455 1417 3512 autem
1437 3441 1575 3510 ederem
1598 3436 1663 3510 has
1679 3439 1833 3532 pagellas
1847 3439 1886 3510 iu
1902 3441 2078 3512 vestibulo

26 3546 152 3624 Deus,
178 3541 422 3612 remandavit
445 3541 593 3612 immota
615 3543 710 3632 lege,
739 3557 781 3615 ut
804 3539 969 3616 homiues
995 3547 1034 3614 iu
1084 3569 1217 3616 nomen
1240 3557 1343 3616 tuum
1365 3535 1469 3612 Petro
1489 3542 1669 3613 rarissime
1699 3541 1889 3633 adscripsi,
1925 3553 1967 3612 ut
1989 3555 2080 3615 extet

26 3645 103 3718 hae
139 3641 309 3714 imbecilli
338 3656 464 3713 natura
496 3644 535 3714 iu
560 3643 726 3738 coniugio
756 3645 915 3740 legitimo
943 3661 1035 3720 caste
1084 3649 1262 3718 amiciciae
1276 3658 1415 3715 nostrae
1428 3643 1688 3724 testimonium,
1715 3667 1822 3738 quam
1837 3643 1981 3738 quidem
2001 3665 2079 3736 per-

27 3749 172 3820 vivaut.
389 3744 400 3754 ”
1086 3764 1226 3843 petuam
1243 3769 1316 3818 esse
1331 3747 1430 3832 volo,
1455 3757 1573 3838 etqua
1590 3747 1628 3815 iu
1645 3745 1706 3815 illa
1728 3761 1872 3816 aeterna
1888 3755 2079 3816 cousuetu-

139 3843 275 3918 Dicunt
295 3861 417 3917 eontra
439 3843 595 3919 Romani
616 3845 807 3920 Pontifices
833 3861 869 3920 et
888 3873 1037 3942 magnae
1085 3853 1171 3922 diue
1199 3850 1358 3922 coelestis
1392 3845 1570 3920 Ecclesiae
1604 3847 1745 3919 dulcius
1778 3847 1956 3932 fruemur,
1998 3871 2080 3918 cum

23 3949 131 4046 parti
153 3945 341 4020 hominum
366 3948 608 4042 praecipiunt,
633 3975 678 4020 nc
702 3949 825 4024 vivant
847 3951 886 4022 in
910 3951 1035 4024 coniu-
1085 3951 1176 4024 hauc
1192 3953 1303 4046 ipsam
1327 3950 1524 4022 doctrinam
1539 3950 1582 4020 de
1596 3965 1692 4034 nm,
1718 3950 1819 4019 etde
1842 3948 2081 4054 eiuqsapien-

23 4053 107 4144 gio.
162 4047 255 4140 Quis
275 4070 350 4119 uon
373 4065 726 4144 expavescattantam
740 4053 924 4124 audaciam
947 4079 1035 4125 eon·
1086 4057 1152 4141 tia,
1184 4055 1361 4138 bonitate,
1395 4051 1551 4135 iusticia,
1585 4053 1690 4122 etde
1720 4051 1832 4120 causis
1860 4051 2079 4120 mirabilium

24 4157 220 4234 sideraus,
246 4153 343 4246 quod
367 4152 557 4223 miserrimi
581 4147 745 4223 homines
769 4159 900 4228 audent
924 4157 1035 4248 legem
1085 4183 1232 4250 operum
1247 4156 1357 4246 ipsius
1367 4155 1770 4244 integrecognosccmus‚
1786 4166 1944 4222 autorem
1963 4151 2079 4242 ipsum

22 4261 153 4340 ferre,
185 4275 276 4354 quae
311 4277 470 4345 expresse
503 4257 678 4326 contraria
708 4271 760 4328 est
784 4259 852 4348 legi
882 4257 1036 4334 divinae.
1085 4283 1203 4332 coram
1221 4272 1256 4328 et
1278 4257 1457 4328 intuentes
1479 4267 1513 4326 et
1529 4255 1730 4336 audientes,
1754 4277 1851 4324 suam
1875 4253 1914 4321 iu
1937 4275 2002 4322 uos
2025 4275 2081 4322 sa-

22 4357 182 4432 Deinde
198 4379 288 4450 quse
302 4356 432 4425 scelera
458 4357 550 4448 parit
572 4353 640 4428 hoc
662 4355 890 4430 pontificium
916 4363 1037 4432 decre-
1086 4361 1254 4455 pientiam
1268 4373 1302 4430 et
1314 4360 1508 4429 bonitatem
1525 4355 1746 4426 manifestius
1762 4353 2080 4424 transfundentcm.

21 4479 128 4534 tum.
182 4455 236 4530 Ac
258 4457 514 4550 sapientissime
528 4455 662 4530 Paulus
683 4473 805 4530 mouet
826 4461 952 4532 talium
972 4463 1037 4532 de-
1088 4464 1180 4536 llolo
1196 4475 1314 4534 autem
1332 4461 1424 4530 etde
1439 4453 1506 4530 hoc
1524 4457 1654 4548 scripto
1681 4469 1715 4528 et
1733 4457 1777 4526 de
1795 4455 1939 4526 cacteris
1962 4453 2080 4524 omui‘-

20 4575 219 4636 cretosum
235 4573 374 4629 autores
387 4571 558 4630 essenon
576 4557 760 4649 bomines,
785 4565 844 4634 sed
863 4561 1037 4652 diabolos,
1087 4568 1152 4638 bus
1167 4587 1258 4658 quae
1274 4561 1390 4644 edidi,
1415 4559 1550 4629 iudices
1566 4576 1638 4627 csse
1656 4579 1780 4628 omnes
1796 4557 1919 4628 doctos
1936 4557 2030 4632 viros
2047 4569 2082 4626 et

19 4663 98 4760 qui
124 4661 214 4732 odio
225 4659 298 4732 Dei
320 4665 449 4752 augent
463 4661 692 4756 s'purcici'em,
717 4677 757 4734 ut
779 4677 814 4736 et
835 4665 913 4737 Deo
935 4669 1037 4738 dolo-
1086 4667 1237 4738 candide
1257 4661 1452 4734 iudicantes
1482 4660 1519 4728 in
1548 4654 1605 4728 luis
1625 4655 1793 4733 Ecclesiis
1816 4671 1850 4730 et
1870 4655 2081 4742 Academiis,

18 4788 112 4838 rem
130 4759 327 4847 adierant,
342 4775 378 4833 et
395 4761 586 4832 imbecillia
602 4761 669 4834 Del
696 4788 802 4857 opera
822 4767 1036 4840 contumelia
1086 4791 1176 4862 quac
1190 4763 1456 4838 Couiessiouem
1474 4755 1666 4831 exhibitam
1688 4754 1772 4852 imp.
1786 4757 1916 4831 Carolo
1941 4761 1979 4828 in
1994 4781 2078 4830 cuu-

16 4865 226 4943 adfieiaut,
239 4873 242 4881 “
253 4875 288 4934 et
300 4884 428 4956 mapua
441 4858 630 4934 bominum
646 4869 785 4956 agmina
808 4893 828 4940 a
847 4869 920 4942 lieo
935 4871 1039 4942 svul-
1087 4882 1195 4940 ventu
1204 4859 1520 4958 Augustauodunl
1531 4861 1915 4952 tosoamplecmnmr,
1930 4883 2080 4955 quarum

16 4991 89 5058 sa,
124 4967 166 5034 iu
182 4977 367 5062 ammaum
380 4965 529 5062 exitium
542 4961 694 5039 trahent.
1087 4967 1337 5060 sempervolui
1357 4989 1580 5036 communem
1598 4965 1796 5035 doctrinam
1815 4961 1981 5045 recitare,
2007 4985 2082 5033 nou

141 5064 354 5138 Erecrands
376 5067 557 5157 estigitur
579 5067 641 5136 illa
665 5067 839 5142 diabolica
870 5073 927 5146 lex
952 5099 1039 5146 voce
1088 5073 1186 5144 volui
1202 5071 1344 5164 gignere
1359 5089 1469 5138 novas
1481 5067 1685 5160 opiniones.

16 5169 259 5242 Pontificum
275 5167 497 5262 promulgata
507 5206 527 5255 ,·
542 5191 633 5263 epsae
646 5171 804 5263 primum
818 5173 917 5246 ialeis
932 5189 967 5253 et
985 5177 1040 5246 ia·
1189 5171 1353 5266 Cumque
1367 5171 1406 5238 in
1419 5169 1636 5262 inspectione
1645 5163 1884 5240 Ecclesiamm
1900 5163 2004 5236 initio
2016 5161 2082 5238 ha-

33 5282 38 5291 '
330 5284 344 5320 ²'
496 5278 502 5289 '
546 5281 550 5297 '
1091 5299 1171 5346 rum
1187 5275 1425 5346 mutationum
1440 5271 1598 5341 audirem
1616 5267 1778 5338 dissonos
1791 5267 1987 5341 multorum
2009 5267 2081 5338 cla-

1090 5394 1222 5464 mores,
1254 5373 1426 5446 mediocri
1449 5371 1568 5443 studio
1593 5385 1627 5442 et
1649 5393 1777 5464 corpus
1801 5369 1984 5440 doctrinae
2008 5369 2082 5438 col-

158 5499 288 5570 eseopun
300 5497 409 5570 ntique
422 5517 519 5556 neum
532 5497 602 5558 baro
616 5496 777 5575 tnpnooJ
850 5516 864 5524 ··
1091 5475 1590 5570 legi,·etinexponeudistut
1610 5472 1721 5544 causis
1745 5469 1902 5567 quaesivi
1923 5471 2083 5564 proprie-

1190 5573 1270 5651 49*

59 5429 196 5566 opalis
215 5429 275 5502 lege
293 5427 401 5494 talionis
420 5449 515 5490 versus
535 5431 696 5493 namur
718 5410 823 5493 ertum
851 5435 885 5493 sle
909 5435 1041 5494 Aristot!
