4730 6202
127 293 226 374 nos
688 233 1129 364 taetsronuuuu¹

121 471 163 538 in
185 463 340 537 nihilum
369 465 607 556 redigeretur,
641 464 771 557 quibus
792 483 902 552 genus
922 453 1121 528 humanum

123 583 312 642 oneratum
329 581 394 644 est.
444 565 542 638 Bene
558 579 593 638 et
607 566 760 638 feliciter
777 563 865 636 vale.

750 660 883 757 Philip.
899 651 1075 732 Melanth.

125 868 256 881 ,-
267 861 596 874 ,Μ-

990 1001 1047 1082 (¹1·
1072 997 1124 1080 t·)

982 1090 1118 1120 Μ·

126 997 328 1128 Q.

489 1181 600 1296 opt.
632 1181 777 1270 Libia.

197 1346 222 1416 †
238 1343 359 1417 Epistola
383 1343 517 1414 adseripta
532 1341 655 1413 exemplo
668 1341 763 1396 Manlii
778 1339 921 1412 farraginis
941 1338 1015 1412 qnod
1036 1345 1123 1392 esrtat

231 1413 267 1471 111·
278 1413 343 1470 bibl.
357 1412 424 1485 lieg.
441 1411 622 1468 berolinensi.
658 1411 900 1482 (Fundamenta.)

231 1562 305 1644 Ph.
330 1563 395 1640 M.
423 1563 479 1638 od
502 1557 776 1664 christoph.
801 1559 1021 1662 Lydium.

127 1701 178 1788 S.
205 1712 253 1790 D.
304 1713 512 1786 Reverende
537 1715 591 1784 vir
613 1728 647 1785 et
670 1714 849 1784 carissime
866 1716 987 1787 irater.
1037 1711 1123 1801 Legi

128 1832 232 1888 tuum
248 1816 418 1908 seriptum
437 1830 471 1886 et
487 1817 619 1908 probo;
645 1818 705 1884 sed
730 1817 964 1885 verecundius
986 1815 1123 1906 loquor,

128 1943 211 1988 11111
228 1917 308 1986 dico
326 1919 370 1988 de
386 1918 611 2007 copulatione
627 1919 778 1986 duarum
795 1931 1013 1988 naturarum.
1040 1915 1122 1984 Nun

129 2037 213 2090 utor
231 2015 297 2087 hac
319 2015 455 2108 phrasi:
482 2040 618 2088 necesse
634 2015 737 2118 suit,
764 2017 923 2114 oportuit
948 2018 1122 2086 mediato-

128 2145 203 2190 rem
220 2142 294 2188 esse
310 2119 424 2189 Deum
443 2133 477 2190 et
494 2116 692 2204 huminem3
718 2121 776 2188 sed
798 2133 878 2189 utor
901 2115 964 2189 hae
988 2115 1121 2210 phrasi:

128 2218 372 2314 congruebat,
397 2247 466 2314 qua
489 2246 574 2289 voce
597 2235 631 2292 et
654 2221 716 2290 alii
737 2221 793 2291 usi
808 2235 909 2306 sunt,
936 2246 976 2290 ac
998 2225 1121 2291 studeo

127 2323 245 2393 vitare
265 2323 490 2391 offensiones.
540 2321 609 2393 Sed
630 2339 689 2392 tuo
714 2347 811 2392 more
836 2325 1033 2417 loquuntur
1051 2321 1120 2391 111-

126 2445 240 2494 naeus
262 2437 296 2493 et
314 2419 607 2520 Chrysustomus,
648 2423 688 2522 ἐγ
697 2476 797 2499 ......
807 2422 842 2512 ¹)
862 2430 940 2500 τῶν
963 2420 1026 2497 iide
1050 2417 1124 2520 φύ-

127 2519 390 2597 1111ναύ11νὲ
398 2571 501 2599 ......
509 2521 547 2619 ²)
598 2524 669 2596 Sed
687 2522 771 2598 haec
785 2553 916 2600 coram.

137 2736 242 2748 ι’...-

146 2877 213 2948 Νο.
232 2879 346 2952 6196.

136 2973 350 3012 Μ

298 3055 505 3156 (Testim.
536 3057 593 3144 de
621 3059 950 3168 Boettiehero.)

218 3210 438 3279 1611111111.
455 3215 712 3290 81111111,111.ρ.
731 3218 804 3288 105.)

945 2887 1116 3004 aa,

315 3361 501 3444 Omnibus
525 3371 673 3446 lecturis
699 3369 774 3446 bas
800 3373 931 3450 literas

131 3504 181 3592 S.
203 3515 246 3588 D.
301 3517 499 3614 Utrumque
523 3550 590 3594 vor
615 3529 738 3598 divina
763 3531 956 3620 praedixit,
990 3534 1028 3602 in
1058 3529 1122 3604 hac

130 3621 257 3692 ultima
275 3633 309 3690 et
324 3623 491 3712 laugnida
513 3643 650 3699 senecta
669 3632 796 3700 mundi
815 3649 848 3704 et
872 3636 1024 3704 maiores
1048 3638 1122 3706 lore

129 3721 269 3812 generis
291 3716 437 3793 humaui
449 3729 692 3814 confusiones,
718 3757 824 3825 quam
848 3737 991 3806 luerunt
1008 3753 1122 3821 antea,

131 3838 305 3894 ettamen
329 3825 441 3896 lilium
466 3825 533 3897 Dei
567 3831 798 3902 collecturum
831 3859 904 3904 esse
926 3835 1119 3908 Ecclesiam

129 3939 306 3996 aeternam
338 3951 449 4022 usque
481 3931 526 4000 ad
553 3935 853 4004 resuscitationem
886 3953 1120 4020 tuortuorum,

129 4028 235 4096 etiam
253 4027 344 4096 iuter
358 4023 420 4098 has
435 4031 664 4122 imperiorum
680 4035 816 4122 ruinas;
839 4055 873 4110 et
888 4041 1030 4133 quidem
1047 4043 1120 4110 col-

131 4129 304 4196 lecturum
326 4152 416 4214 esse,
450 4135 514 4204 ubi
539 4160 605 4205 vox
628 4135 811 4227 Evangelii
837 4140 1040 4232 incorrupta
1061 4167 1119 4212 su-

130 4241 203 4300 uat.
254 4223 331 4295 Huc
353 4251 414 4320 spe
439 4257 504 4304 nos
526 4235 562 4304 iu
579 4241 686 4310 tantis
711 4241 925 4312 tumultibus
946 4257 1118 4314 sustente-

129 4351 209 4398 mus
223 4341 255 4394 et
271 4329 384 4396 studia
401 4334 582 4404 doctrinae
599 4363 670 4410 nou
693 4341 911 4416 abiiciamus.

231 4426 425 4500 Laudatula
445 4445 497 4502 est
519 4436 629 4523 igitur
650 4443 762 4513 virtus
785 4437 974 4514 Iohannis
994 4441 1117 4515 Botti-

130 4519 231 4612 cher,
258 4529 330 4598 uati
346 4553 386 4644 ex
407 4527 562 4604 honestis
582 4545 786 4626 parentibus
811 4545 848 4614 in
866 4549 999 4641 oppido
1019 4547 1118 4618 Mar-

131 4623 230 4698 chiae
246 4621 419 4724 Jlupeno,
447 4637 596 4726 quadiu
614 4635 678 4712 hae
701 4659 898 4736 temporum
913 4651 1117 4720 difficultate

131 4723 222 4798 lame
245 4725 487 4804 scholasticam
512 4738 693 4824 militiam,
720 4773 825 4838 queam
851 4749 915 4818 scit
937 4749 1013 4821 Deo
1037 4775 1117 4840 gra-

131 4847 200 4900 tam
226 4853 317 4918 esse,
340 4857 414 4904 uon
437 4837 617 4933 relinquit.
670 4842 734 4914 Est
751 4863 867 4918 autem
893 4867 1017 4922 natura
1041 4853 1116 4922 eius

135 4940 170 4997 et
194 4933 295 5002 avida
319 4947 353 5006 et
374 4961 481 5026 capax
504 4940 765 5026 doctrinarum,
788 4973 827 5016 ae
849 4950 1008 5038 linguam
1035 4953 1116 5020 lati-

128 5053 209 5098 nam
228 5047 319 5103 recte
334 5037 459 5110 didicit
471 5044 566 5130 apud
585 5043 701 5114 virum
718 5047 968 5132 clarissimum,
994 5055 1117 5121 erudi-

126 5129 223 5200 tione
238 5145 273 5204 et
286 5133 486 5230 eloquentia
497 5157 748 5236 praestantem,
774 5145 977 5222 Antonium
993 5148 1116 5226 Wal-

124 5277 351 5301 *O*—

162 5347 192 5416 t)
210 5349 336 5408 Fortasse
348 5351 512 5426 drepanius.

156 5431 185 5503 2)
203 5433 279 5492 1111111
294 5441 377 5497 11111111
390 5437 469 5501 stra.

1065 853 1118 864 nu·-

1135 927 1141 942 Ι

1176 277 1283 350 LlB.
1318 273 1402 350 Xll.
1465 269 1597 344 1652.
2069 262 2166 342 1166

1177 456 1303 520 terum.
1358 443 1484 514 Postea
1512 443 1550 512 in
1576 437 1765 512 Academia
1796 437 1915 510 nostra
1939 442 1985 510 ad
2019 439 2167 510 latinam

1176 551 1332 637 linguam
1347 546 1509 615 adiunxit
1522 565 1680 634 graecm
1697 543 1848 614 et'iuitia
1866 537 2109 634 philosophiae
2132 559 2167 614 et

1178 650 1375 720 doctrinam
1399 644 1577 718 Ecclesiae
1599 643 1666 715 Dei
1699 645 1962 736 incorruptam,
1994 659 2028 714 et
2055 644 2165 712 animi

1179 753 1343 845 pietatem
1363 771 1443 818 vera
1468 747 1693 817 invocatione
1706 744 1772 815 Dei
1797 761 1831 816 et
1855 740 2003 816 honesta
2025 769 2167 816 tuorum

1177 852 1432 944 gubernatione
1450 848 1625 940 exprimit.
1657 847 1787 918 Scribit
1806 849 1956 916 solutam
1972 847 2168 916 orationem

1177 969 1210 1026 et
1230 979 1389 1036 carmen,
1421 953 1515 1046 quod
1535 949 1711 1042 specimen
1727 965 1778 1018 est
1795 963 1828 1018 et
1846 948 1978 1038 ingenii
1999 949 2168 1039 elegantis

1177 1069 1211 1127 et
1225 1051 1396 1126 honestae
1413 1053 1618 1123 voluntatis.

1289 1154 1380 1226 Cum
1396 1155 1504 1244 igitur
1517 1177 1595 1244 spes
1611 1151 1674 1234 sit,
1695 1145 1871 1218 Ecclesiae
1882 1143 1959 1218 Deo
1976 1149 2120 1222 iuvante
2136 1167 2170 1224 et

1177 1258 1355 1328 communi
1381 1252 1568 1325 hominum
1587 1253 1678 1324 vitae
1702 1251 1894 1344 aliqnando
1913 1252 1993 1320 usui
2008 1253 2169 1325 futurum

1178 1383 1270 1442 esse,
1308 1382 1370 1426 orn
1393 1359 1507 1426 bonos
1530 1356 1649 1439 viros,
1682 1367 1721 1423 ut
1747 1377 1825 1420 eum
1847 1375 1974 1422 ornare
1993 1357 2168 1430 studeant.

1178 1455 1255 1529 Oro
1280 1460 1386 1530 etiarn
1409 1457 1522 1528 lilium
1538 1454 1625 1538 Dei,
1651 1454 1845 1525 Dominum
1868 1467 2029 1526 nostrum
2054 1455 2171 1526 lesum

1177 1556 1378 1644 Christum,
1415 1573 1454 1629 ut
1475 1555 1571 1628 hunc
1596 1553 1790 1626 Iohannem
1814 1555 1988 1642 gubernet
2010 1557 2171 1630 11111111

1177 1687 1257 1732 euru
1276 1665 1405 1740 σκεῦος
1420 1656 1560 1742 ἐλέους,
1587 1673 1622 1729 11
1638 1680 1809 1746 organum
1826 1657 1978 1727 salutare
1998 1660 2171 1753 reipubli-

1177 1789 1248 1838 cae.
1300 1763 1397 1834 Beue
1413 1763 1511 1848 vale,
1538 1763 1688 1831 candide
1704 1755 1843 1831 Lector.
1876 1754 1982 1834 15⁵2.

1179 1983 1381 1996 Μ
1815 1979 2157 1994 m

1189 2105 1255 2178 No.
1272 2101 1386 2178 5297.

1176 2206 1384 2240 Μ

2044 2110 2121 2176 111.
2168 2105 2173 2116 '

1999 2199 2168 2226 Μ

1564 2303 1797 2411 (Dictum.)

1244 2459 1319 2530 †Er
1345 2459 1503 2532 apographo
1524 2460 1552 2514 in
1571 2459 1633 2516 cod.
1656 2459 1740 2516 Goth.
1763 2461 1822 2514 191.
1843 2477 1869 2532 p.
1889 2461 1947 2516 tot.
1983 2457 2070 2528 (Sunt
2087 2461 2169 2526 dieta,

1280 2529 1354 2582 libris
1369 2529 1523 2584 amicorum
1539 2528 1691 2599 iuscripta.)

1178 2689 1323 2772 loanrris
1348 2701 1407 2776 14.
1431 2728 1505 2792 cap.
1531 2703 1647 2795 inquit
1666 2704 1760 2772 lilius
1775 2699 1858 2772 Dei:
1892 2700 1930 2774 si
1943 2702 2094 2800 quisine
2111 2699 2170 2788 di,-

1177 2801 1280 2898 tigit,
1310 2827 1509 2874 sermonem
1535 2827 1652 2872 meum
1674 2801 1858 2890 servabit,
1888 2813 1920 2874 ct
1941 2813 2048 2902 pater
2070 2830 2170 2876 meus

1177 2901 1304 2998 diligit
1320 2930 1420 2986 eum,
1446 2915 1477 2976 et
1495 2905 1674 2976 veniemus
1694 2899 1751 2976 ad
1761 2929 1863 2992 eum,
1889 2914 1921 2976 et
1939 2905 2169 2978 mansionem

1176 3002 1281 3104 apud
1295 3007 1578 3107 cumsaciemus.
1629 3005 1724 3078 Haec
1746 3009 1869 3078 concio
1884 3009 2083 3080 doctrinam
2106 3035 2169 3080 ne-

1176 3110 1361 3179 cessariam
1386 3125 1420 3181 et
1442 3109 1680 3181 dulcissimam
1705 3109 1983 3180 consolationem
2000 3111 2169 3188 continet.

1175 3208 1285 3282 Docet
1302 3213 1418 3296 enim,
1443 3237 1533 3306 quae
1553 3225 1586 3281 et
1601 3211 1663 3282 ubi
1679 3211 1725 3282 sit
1745 3235 1827 3282 vera
1844 3209 1911 3282 Dei
1931 3207 2107 3300 Ecclesia,
2132 3229 2168 3285 et

1176 3308 1258 3382 111111
1281 3314 1443 3382 attribuit
1460 3313 1756 3398 consolationem,
1773 3337 1863 3406 quae
1880 3313 2042 3384 omnium
2056 3315 2168 3386 maxi·

1062 3423 1064 3428 ’
1174 3439 1231 3481 ma
1248 3429 1311 3484 est.
1362 3411 1524 3484 Affirmat
1546 3415 1659 3494 enirn,
1685 3410 1780 3486 hunc
1797 3427 1935 3484 coetum
1952 3438 2025 3486 esse
2047 3439 2165 3485 veram
2193 3502 2200 3510 .

1174 3513 1241 3584 Dei
1257 3513 1468 3596 Ecclesiam,
1495 3517 1557 3610 qui
1579 3517 1800 3605 evangelium
1816 3511 1885 3586 Dei
1910 3517 2026 3600 audit,
2051 3517 2166 3598 discit,

1175 3616 1242 3686 lule
1263 3618 1506 3708 amplectitur,
1538 3633 1648 3698 amat,
1675 3619 1880 3702 confitetur,
1911 3633 1944 3688 et
1967 3619 2165 3688 10110111-

1174 3718 1306 3786 dientia
1329 3719 1474 3788 obedire
1497 3718 1529 3788 ei
1553 3717 1688 3808 incipit.
1739 3715 1971 3789 Removcnda
1996 3731 2047 3790 111
2069 3720 2163 3790 euim

1172 3820 1218 3888 als
1232 3814 1298 3888 hoc
1312 3821 1405 3889 elicto
1422 3820 1666 3910 interpretatio
1687 3815 1896 3910 sophistica,
1921 3843 2011 3912 quae
2031 3843 2071 3890 ex
2088 3821 2164 3910 lege

1173 3915 1241 3988 huc
1260 3945 1331 3990 non
1349 3934 1441 3990 recte
1456 3923 1681 3992 transfertur:
1708 3918 1803 4006 „hos
1826 3917 1937 3989 aDeo
1955 3917 2075 4009 diligi,
2100 3923 2163 4014 qui

1171 4037 1311 4092 servant
1337 4047 1534 4092 sermonem
1544 4021 1571 4104 ⁸¹,
1597 4023 1620 4096 i.
1638 4047 1667 4092 e.
1692 4023 1754 4114 qui
1778 4023 1889 4111 legem
1913 4022 2064 4112 perfecte
2094 4022 2163 4090 im·-

1172 4124 1280 4213 plent.
1323 4123 1410 4192 Nam
1426 4147 1565 4192 servare
1581 4147 1779 4192 sermonem
1798 4137 1849 4193 est
1866 4123 2062 4190 doctrinam
2075 4123 2162 4191 lide·

1173 4224 1444 4294 litercustndire
1470 4239 1503 4294 et
1525 4225 1700 4308 confiteri,
1721 4237 1761 4293 ut
1787 4237 1904 4314 postea
1928 4218 2090 4292 Christus
2117 4226 2162 4292 tle

1169 4327 1339 4416 apostolis
1355 4327 1502 4418 loquens
1526 4324 1658 4418 inquit:
1686 4347 1746 4394 eos
1771 4347 1926 4394 servasse
1951 4345 2161 4408 sermonem,

1170 4427 1192 4500 i.
1211 4451 1240 4494 e.
1257 4429 1418 4496 custodes
1438 4427 1543 4496 luisse
1559 4427 1751 4496 doctrinae.
1804 4423 1855 4495 lta
1882 4425 1941 4494 liet
1967 4419 2052 4494 haec
2073 4447 2160 4494 con·

1169 4529 1224 4597 cio
1240 4527 1441 4596 dulcissima
1460 4527 1563 4596 bonis
1580 4526 1777 4608 mentibus,
1793 4525 1821 4594 si
1841 4521 2022 4594 hocmodo
2037 4525 2158 4594 dextre

1169 4629 1397 4716 intelligatur.
1459 4627 1536 4711 'l'u,
1573 4627 1602 4696 si
1635 4628 1741 4697 discis
1773 4639 1807 4694 et
1840 4627 1908 4696 fide
1939 4625 2158 4716 amplecteris

1168 4729 1408 4818 evtutgelium,
1425 4741 1457 4797 et
1476 4730 1566 4798 bona
1584 4727 1796 4798 conscientia
1814 4727 1939 4816 incipis
1956 4727 1986 4795 ei
2003 4727 2157 4808 obedire,

1169 4855 1248 4900 vere
1264 4853 1382 4900 servas
1396 4851 1594 4898 sermonem
1603 4825 1758 4912 Christi,
1784 4841 1818 4898 et
1835 4851 1870 4898 es
1884 4827 2085 4896 membrum
2095 4851 2156 4896 ve-

1168 4955 1226 5000 rae
1249 4929 1427 5001 Ecclesiae
1451 4927 1516 4998 Dei
1540 4943 1575 5000 et
1597 4929 1818 5000 domicilium
1836 4925 1913 4997 Dei.
1964 4925 2155 5020 Postquain

1166 5047 1282 5101 autem
1310 5031 1498 5100 didicimus
1520 5055 1561 5100 es
1585 5025 1652 5100 boc
1677 5031 1791 5112 dicto,
1823 5031 2001 5122 qtromodo
2027 5029 2155 5100 cilicia·

1166 5157 1246 5200 mur
1260 5135 1416 5200 membra
1433 5129 1610 5201 Ecclesiae
1628 5128 1716 5215 Dei,
1739 5129 1872 5201 scilicet
1897 5153 1976 5198 cum
1995 5129 2063 5198 tide
2079 5143 2155 5198 atn-

1168 5232 1355 5321 plectimur
1389 5251 1422 5304 et
1462 5233 1671 5303 confitemur
1700 5231 1942 5322 evangelium,
1984 5230 2089 5298 simul
2121 5245 2155 5299 et

1166 5333 1371 5422 magnitudo
1395 5333 1637 5424 promissionis
1657 5334 1913 5404 consideretur:
1951 5325 2014 5400 has
2039 5331 2156 5421 diligit

1166 5449 1281 5526 puter,
1308 5435 1347 5504 in
1364 5430 1419 5504 his
1434 5429 1580 5506 habitat.
1631 5433 1726 5525 Ergo
1750 5435 1886 5506 etiamsi
1904 5434 2011 5502 variis
2031 5446 2065 5504 et
2080 5457 2153 5502 ma-
