4624 6216
346 91 382 114 ἦ

346 229 378 266 S

94 289 150 364 sn
451 325 453 337 ·
632 286 1340 370 sermocinaremur.
1394 291 1527 370 sess.
1781 267 1790 278 '
2022 305 2097 378 see

166 456 210 530 hc
226 481 450 555 nequaquam
471 461 549 533 vult
572 474 607 534 te
630 459 670 532 in
693 455 760 534 hoc
784 463 948 536 convivio
973 485 1048 534 csse
1098 463 1165 538 Nn.
1183 462 1295 541 5009.
1985 479 2017 542 ts
2042 495 2070 544 s.

88 555 191 658 κωφὸν
214 555 431 657 πρόσωπον,
456 563 533 634 vult
553 577 588 634 te
610 563 822 654 intelligere,
848 565 935 658 quid
957 587 1047 654 agas,
1106 561 1276 632 “t“
1959 571 2094 606 ’ἢ

84 663 406 788 vultexcitqeifidem
424 679 459 736 et
473 665 643 736 laetitiam
660 663 699 733 in
721 679 879 758 pectore,
904 679 1047 736 etacce-
1139 714 1176 772 ,ι
1245 645 1496 760 (Iudicium
1524 648 1582 734 dc
1611 675 1745 734 daura
1772 647 1950 766 avem.)

82 765 150 844 dere
168 779 354 855 granatum
374 767 547 836 senonem
577 779 613 836 ee
642 765 903 837 inv⁰⁶³li⁰¹¹⁰¹¹¹
925 790 989 858 1¹¹⁰
1013 780 1047 840 ¹0
1166 803 1277 860 matum
1295 801 1324 856 sn
1338 801 1442 858 const.
1461 801 1539 858 aaran.
1556 821 1571 857 ι
1589 801 1679 859 aaa
1699 802 1764 864 aare.
1781 803 1814 860 r.
1829 805 1864 862 n.
1882 825 1909 878 ρ.
1923 807 1982 862 sse.
2016 807 2096 864 cou-

80 867 160 958 ipso,
183 889 243 958 pro
266 861 445 954 Ecclesia,
460 879 537 958 'pro
562 861 725 958 hospitiis
746 863 936 948 Ecclesiae.
987 865 1047 938 Ab
1200 872 1250 928 tuti
1267 872 1418 944 apograph·
1432 872 1460 924 ta
1476 871 1539 926 eod.
1553 870 1635 952 Gon.
1649 875 1712 927 ets.
1730 892 1757 944 p.
1769 873 1851 944 aab,
1870 875 1934 934 aad.
1947 876 2042 932 Metu.
2059 877 2095 934 u.

77 961 135 1038 hoc
155 991 211 1037 usu
230 982 403 1060 qnantum
434 968 551 1039 absint
571 967 712 1038 venales
743 969 869 1040 missae
893 981 928 1040 et
958 968 1047 1038 aliae
1200 939 1577 1064 itissfflffgfifflffffssffil,
1595 939 1707 1064 ¹21}ss
1722 945 2096 1086 zffipssleffifqifflipu’ss

73 1069 330 1162 profanationes,
356 1093 445 1164 qnae
461 1093 535 1140 non
551 1069 627 1138 sine
642 1068 776 1158 gemitu
797 1069 949 1160 cogitare
965 1091 1047 1161 pos-
1202 1075 1401 1132 Metanehonis.

73 1193 150 1242 sum.

162 1267 237 1341 Sint
259 1281 376 1340 antem
397 1269 486 1358 grati
511 1271 649 1340 labores
671 1293 813 1351 eorum,
838 1269 899 1364 qui
923 1293 1046 1340 verum

70 1395 161 1443 usum
174 1373 389 1451 ostendunt,
416 1383 457 1442 ut
478 1372 516 1440 in
540 1367 608 1442 hoc
623 1371 753 1462 scripto
768 1369 944 1462 Georgius
965 1371 1047 1464 pln-

68 1475 149 1543 rime
169 1471 325 1562 collegit,
351 1495 442 1564 quae
462 1473 641 1542 veritatem
668 1473 848 1542 illustrant
870 1495 979 1566 eaque
1002 1473 1047 1542 de

68 1599 105 1644 re
118 1568 271 1643 adhibuit
290 1575 331 1642 in
352 1568 510 1670 historiis
525 1587 560 1644 et
574 1573 785 1644 testimoniis
800 1573 906 1643 fidem
925 1597 1047 1646 neces-

68 1675 185 1746 sariam
203 1675 241 1743 in
258 1675 416 1744 docente.

1097 1225 1240 1306 Contra
1260 1229 1733 1321 transsubstantiationem,
1759 1245 1792 1306 et
1808 1235 1967 1334 quaesit
1984 1259 2095 1334 prae-

1096 1334 1215 1406 sentia
1240 1331 1526 1405 sacramentalis
1554 1331 1594 1403 iri
1619 1331 1881 1414 Eucharistia.
1916 1343 2092 1428 (lnsertptio

1375 1481 1388 1491 -
1486 1443 1567 1524 apud
1589 1441 1704 1521 l’ezel.)

1123 1533 1248 1612 Phil.
1270 1531 1382 1612 Met.
1402 1532 1572 1634 respirari
1590 1535 1811 1636 μυστηρίου.
1840 1543 2018 1630 (Inscriptio
2031 1551 2067 1610 tn

1537 1648 1645 1728 codd.)

160 1773 245 1844 Nam
262 1775 325 1844 alii
339 1772 465 1859 multi,
490 1775 553 1867 qui
568 1773 838 1866 patrocinantur
858 1773 1048 1858 erroribus,
1097 1761 1265 1844 Primum
1278 1769 1651 1845 transsubstantiatio
1663 1798 1784 1846 recens
1794 1778 1985 1868 excogitata
1999 1773 2095 1870 est‘),
2226 1805 2234 1827 .

66 1889 171 1948 astute
182 1875 292 1947 multa
308 1876 400 1946 dicta
415 1877 650 1968 undecunque
663 1888 870 1967 congerunt,
894 1875 1047 1968 plurima
1100 1875 1195 1969 quod
1219 1887 1356 1945 tanturn
1378 1875 1571 1946 accidentia
1593 1876 1694 1968 panis
1709 1891 1892 1964 maneant,
1917 1901 1991 1948 non
2008 1879 2093 1946 sub-

65 1977 303 2069 suppositicia‚
329 1999 391 2046 seu
413 2001 455 2046 en
472 1977 672 2047 recentibus
692 1976 844 2046 indoctis
867 1974 1049 2068 scriptori-
1099 1975 1238 2046 stantia.
1306 1973 1401 2045 llaec
1432 1976 1640 2068 imaginatio
1672 1979 1792 2068 ignota
1820 1991 1874 2050 est
1903 1979 2094 2052 veteribus.

63 2081 128 2150 bns
143 2091 271 2164 sumta,
295 2078 475 2147 interdurn
497 2091 531 2147 et
545 2075 690 2158 mutila,
717 2099 778 2146 seu
802 2077 965 2166 ambigua
989 2100 1049 2144 ex·
1098 2076 1189 2148 Nam
1207 2073 1338 2146 Piulus
1362 2077 1516 2168 appellat
1535 2103 1661 2170 panem
1682 2079 1785 2149 etiarn
1806 2079 1845 2148 in
1867 2103 1935 2152 usu
1950 2073 2094 2150 Eucha-

64 2193 205 2270 cerpunt
219 2202 260 2248 ex
276 2179 465 2264 veteribus,
491 2202 580 2270 quae
595 2179 624 2246 si
638 2179 681 2246 ad
698 2178 793 2269 ipsos
807 2193 948 2248 autores
963 2199 1050 2245 con·
1100 2177 1235 2248 ristiae:
1268 2175 1335 2274 qui
1357 2173 1559 2249 manducat
1590 2175 1634 2254 de
1663 2201 1767 2278 pana
1789 2171 1857 2249 hoc
1872 2179 1912 2276 ²).
1971 2178 2093 2274 ltaque

62 2283 235 2365 serantur,
268 2303 349 2348 mox
377 2279 634 2350 animadvertes
656 2279 753 2348 aliud
775 2280 919 2370 pedem,
952 2277 1050 2348 aliud
1102 2293 1193 2348 recte
1218 2277 1365 2364 dicitnr,
1397 2281 1493 2373 qnod
1523 2282 1626 2372 panis
1653 2293 1804 2355 maneat.
1862 2281 2027 2353 Secundo
2046 2275 2093 2374 ³):

63 2377 228 2452 citharam
246 2403 388 2466 sonare,
412 2392 453 2449 ut
470 2379 556 2450 olim
574 2379 770 2450 dicebatur.
1098 2375 1211 2477 panis
1232 2387 1282 2448 est
1300 2401 1428 2476 corpus
1446 2372 1595 2452 Christi
1612 2381 1831 2472 intelligatur
1848 2376 2095 2476 synecdochen

158 2481 305 2552 Possum
320 2481 504 2572 perspicue
517 2483 702 2551 ostendere
716 2481 886 2574 quasdam
906 2493 1048 2550 senten·
1101 2505 1192 2566 esse,
1217 2495 1377 2574 quaeest
1396 2481 1525 2552 usitata
1548 2481 1776 2576 inscriptura
1793 2479 1844 2578 ⁴),
1866 2483 1903 2552 id
1919 2495 1987 2569 est,
2013 2505 2095 2552 cum

61 2585 127 2654 tias
151 2583 339 2685 citatassab
361 2582 571 2652 adversariis
591 2582 741 2667 nostris,
765 2603 876 2676 quae,
904 2581 970 2650 etsi
991 2604 1051 2650 ex·
1101 2606 1192 2675 pane
1223 2595 1258 2652 et
1283 2581 1368 2652 vino
1395 2577 1581 2655 exhibetur
1612 2597 1647 2656 et
1673 2583 1867 2676 porrigitur
1900 2605 2029 2678 corpus
2060 2595 2096 2654 et

60 2697 138 2756 tant
153 2685 190 2752 in
205 2682 405 2754 recentibus
426 2683 662 2764 editionibus,
688 2695 807 2752 tamen
822 2704 898 2751 non
913 2695 997 2754 sunt
1012 2681 1051 2750 in
1101 2682 1242 2774 sanguis
1264 2678 1399 2753 Christi
1414 2681 1453 2780 ⁸).
1687 2737 1697 2758 ,.

59 2785 238 2854 veteribus
254 2784 354 2871 libris
372 2783 506 2854 maiore
520 2807 605 2854 cura
627 2795 662 2854 et
681 2784 750 2853 lide
766 2783 916 2875 scriptis.
968 2778 1053 2852 Usi·
1201 2781 1276 2854 lam
1297 2785 1409 2856 multa
1424 2778 1724 2876 disputanturhic
1738 2785 1782 2854 de
1802 2783 2000 2855 inclusione
2015 2805 2095 2856 cor-

55 2899 129 2956 tata
151 2899 202 2956 est
223 2879 431 2975 sophistica,
456 2885 662 2976 praestigias
682 2885 867 2954 offundere
883 2882 995 2953 oculis
1017 2895 1053 2952 et
1102 2885 1198 2977 poris
1213 2885 1251 2954 in
1271 2909 1418 2978 panem,
1442 2886 1500 2954 vel
1518 2887 1562 2956 de
1586 2881 1734 2982 physica
1755 2885 1813 2954 vel
1834 2885 1991 2956 durabili
2009 2907 2096 2954 con-

53 2987 185 3056 animis
200 2987 344 3055 rudium
360 2987 541 3056 mentione
553 2985 709 3056 nominis
723 2981 902 3055 Ecclesiae
918 2997 953 3054 et
966 3007 1052 3054 con·
1102 2988 1296 3060 iunctione.
1345 2985 1415 3058 Sed
1439 2987 1739 3080 simplicissimum
1765 2999 1800 3060 et
1823 2986 2046 3056 verissimum
2062 2979 2095 3076 ⁸)
2222 2984 2227 3003 '

50 3109 180 3158 sensus
195 3087 390 3158 multorum
404 3087 614 3167 seculorum,
635 3109 716 3156 curn
730 3109 831 3178 saepe
845 3085 906 3156 liat
919 3085 1052 3154 iniuria
1103 3101 1170 3170 est,
1197 3088 1292 3181 quod
1314 3087 1385 3157 dici
1408 3088 1513 3158 solet:
1541 3099 1756 3159 sacramenta
1780 3109 1854 3158 esse
1877 3097 2095 3159 sacramenta

49 3189 294 3258 sanctissimae
311 3185 489 3258 Ecclesiae
511 3187 752 3281 antiquitatis,
778 3210 869 3280 qnae
888 3188 1051 3256 nondum
1103 3191 1141 3258 in
1161 3213 1245 3275 usn;
1271 3211 1380 3282 quare
1401 3189 1634 3260 conscientiae
1654 3188 1738 3259 satis
1754 3201 1822 3270 est,
1849 3189 1946 3282 quod
1963 3188 2000 3256 in
2016 3209 2096 3303 usq,

46 3288 211 3362 babebat
232 3303 370 3360 tantum
393 3291 620 3374 morborum,
649 3301 823 3382 quantum
845 3300 965 3381 postea
993 3311 1053 3358 ac·
1102 3289 1193 3363 datis
1208 3285 1264 3360 bis
1276 3291 1382 3360 rebus
1396 3313 1487 3380 pane
1499 3305 1534 3362 et
1542 3291 1637 3375 vino,
1651 3291 1755 3359 detur
1766 3306 1893 3381 corpus
1908 3301 1942 3360 et
1952 3307 2097 3376 sanguis

47 3393 170 3462 cessit.
1103 3391 1252 3476 domini,
1277 3405 1381 3486 atque
1397 3392 1445 3460 ita
1463 3387 1626 3462 Christus
1643 3413 1724 3460 vere
1740 3390 1833 3461 adsit
1848 3389 1886 3459 in
1903 3387 2007 3458 nobis
2023 3383 2097 3482 et')

157 3489 233 3562 Cur
252 3495 298 3563 sd
318 3492 459 3562 venales
481 3505 515 3561 et
534 3490 689 3584 privatas
703 3487 827 3560 missas
841 3491 1053 3582 detorquent
1102 3494 1149 3564 sit
1175 3493 1306 3566 efficax.
1372 3489 1469 3562 Haec
1501 3491 1705 3562 coniunctio
1736 3503 1789 3561 est
1817 3489 2097 3562 sacramentalis:

44 3593 251 3665 adversarii
267 3608 425 3664 veterum
446 3593 559 3673 dicta,
582 3617 661 3664 curn
684 3587 854 3662 historiae
868 3590 1052 3660 manifeste
1103 3593 1225 3687 positis
1240 3593 1344 3662 rebus
1359 3592 1508 3684 ponitur
1522 3591 1718 3684 praesentia
1735 3586 1881 3677 Christi,
1900 3614 1964 3660 nec
1978 3590 2095 3674 video,

42 3696 257 3780 ostendant,
284 3695 461 3766 veteribus
476 3695 630 3785 privatas
646 3693 770 3762 missas
785 3693 934 3762 omnino
950 3691 1053 3780 igno-
1102 3719 1166 3765 cur
1187 3695 1308 3787 plures
1328 3694 1553 3786 quaestiones
1579 3689 1639 3763 hic
1668 3693 1805 3764 moveri
1826 3693 1979 3766 debeant
1995 3685 2029 3786 ⁸)
2052 3693 2096 3761 de

42 3813 105 3868 tas
130 3797 252 3868 inisse.
303 3794 377 3866 Nec
399 3796 427 3864 si
451 3794 640 3864 inveniunt
655 3794 786 3864 alicubi
805 3793 846 3862 in
860 3791 980 3862 Africa
997 3813 1054 3860 sa·
1102 3791 1247 3892 physica
1262 3809 1299 3868 et
1316 3796 1471 3867 durabili
1488 3793 1750 3869 coniunctione.

39 3897 256 3968 crificnlum
295 3897 462 3989 privatim
504 3897 626 3966 iecisse
661 3894 897 3976 oblationem,
939 3913 1053 3962 unum

35 4013 161 4092 atque
178 3999 330 4070 alterum
345 3998 544 4090 exemplum
559 3995 762 4067 barbaricae
773 4009 810 4066 et
830 3989 1053 4086 superstitio-

34 4123 109 4172 sae
152 4101 272 4189 gentis
308 4099 520 4192 apostolicae
558 4095 807 4168 consuetudini
843 4105 1052 4187 opponatur.

35 4199 126 4270 Nec
142 4203 337 4272 defuerunt
351 4201 617 4290 superstitiones
632 4197 698 4268 ulli
714 4195 830 4269 aetati.
881 4193 1002 4283 Quare
1019 4207 1054 4266 et

35 4303 86 4372 in
106 4303 326 4373 testimoniis
341 4301 428 4371 etin
446 4303 521 4395 ipsa
535 4295 689 4370 lectione'
701 4309 860 4367 veterum
872 4289 1053 4366 'adhiben-
1477 4339 1510 4425 1
1537 4339 1589 4426 d.
1622 4339 1631 4360 .
1720 4333 1744 4445 )

32 4405 93 4474 da
120 4417 177 4474 est
201 4403 456 4482 consideratio,
490 4425 580 4494 quae
600 4399 708 4471 tuerit
737 4397 948 4490 scriptorum
970 4418 1053 4488 per·
1454 4341 1478 4446 (
1506 4369 1535 4428 u
1571 4363 1719 4424 'mum'

25 4519 158 4598 petua
184 4504 377 4588 sententia,
408 4503 551 4596 etquid
573 4501 708 4586 obiter,
738 4499 826 4594 qnid
849 4495 1052 4590 improprie,
1170 4498 1242 4557 ¹¹⁸¹·
1255 4495 1554 4582 Sciathum&
1587 4491 1768 4574 Epist-libl-
1784 4488 1963 4618 l‘mgi‘d'
1976 4487 2098 4550 batt·

25 4605 136 4700 quid
165 4607 337 4700 explicate
361 4603 526 4676 dixerint.
575 4600 739 4694 Denique
762 4623 923 4670 normam
946 4597 1052 4668 etiam
1205 4565 1365 4643 ‘'⁶¹¹⁰i'l'
1398 4559 1785 4621 remuneraturum
1824 4564 1881 4632 ¹³⁸¹
1918 4595 1928 4614 '

25 4723 240 4780 teneamus
264 4707 338 4800 ipae
363 4705 493 4795 scripta
518 4698 723 4794 prophetica
744 4713 778 4772 et
802 4699 992 4792 apostolica
1020 4711 1053 4768 et
1136 4763 1164 4832 ¹)
1184 4759 1243 4816 eos
1274 4755 1391 4828 oeetpt.
1409 4759 1439 4810 ω
1455 4764 1506 4812 m·

25 4810 231 4903 symbola.
289 4807 342 4878 Ac
360 4805 517 4876 inveniri
539 4804 669 4874 veritas
690 4804 735 4872 ab
763 4803 808 4872 iis
828 4811 962 4894 potest,
991 4798 1054 4892 qui
1135 4849 1169 4916 υ
1187 4795 1274 4898 Μ
1287 4869 1324 4884 ,,,
1333 4857 1409 4909 m
1426 4841 1493 4906 Μ]
1510 4855 1568 4894 non
1586 4837 1665 4894 bg„
1682 4835 1746 4894 eod.
1764 4833 1883 4908 augg,

25 4912 104 5005 pio
128 4934 217 4980 eam
238 4909 356 4980 studio
376 4917 571 5000 quaerunt,
602 4905 789 4994 sicutipse
813 4903 931 4996 inquit
958 4899 1054 4970 filius
1135 4927 1254 5000 Μή,
1273 4923 1393 4998 Guetpt.
1410 4927 1535 4980 ma..
1551 4923 1652 4980 ...esa

25 5011 115 5084 clei.
165 5009 316 5100 Quanto
331 5009 441 5098 magis
454 5020 553 5099 pater
568 5017 681 5076 vester
696 5001 854 5074 coelestis
866 5001 966 5072 dabit
981 5000 1054 5092 spi·
1135 5014 1165 5084 t)
1181 5011 1230 5070 ste
1246 5011 1345 5098 eota,
1362 5009 1410 5066 ud
1428 5007 1492 5067 Per.
1512 5023 1613 5075 eorm
1629 5003 1908 5074 cametmaaaaw
1918 5001 2100 5076 amnunt-

25 5115 163 5184 ritum
200 5125 361 5184 sanctum
388 5108 599 5201 petentibus.
657 5103 838 5194 Quaerant
866 5101 977 5189 igitur
1002 5099 1052 5190 pii
1138 5085 1402 5238 Q‘Jpn'zffffi
1418 5159 1501 5214 pm
1520 5157 1599 5214 Hm
1614 5157 1890 5226 mmmm
1907 5157 2100 5226 amatura.
2181 5105 2206 5132 ‘

25 5219 170 5286 lantes
189 5213 374 5284 doctrinae
396 5223 431 5282 et
452 5209 527 5300 regi
542 5219 677 5278 mentes
692 5227 773 5276 suas
786 5201 914 5294 spiritu
929 5201 1053 5270 divino
1138 5253 1169 5322 6)
1188 5249 1260 5306 ced.
1280 5247 1398 5322 Guetpt.
1414 5245 1616 5301 mmm

25 5331 190 5406 petant.
243 5315 286 5384 ln
310 5337 353 5384 eo
374 5311 493 5384 studio
512 5307 665 5380 renuent
686 5331 723 5378 se
738 5303 912 5378 divinitus
929 5301 1054 5372 iuvari.
1139 5338 1168 5406 7)
1187 5336 1257 5393 cot.
1274 5331 1396 5405 (ΜΨ,
1413 5339 1454 5388 „g

25 5417 147 5488 Bene
167 5418 252 5486 vale
270 5415 327 5508 pie
345 5414 467 5486 lector.
577 5473 580 5482 .
1137 5423 1167 5492 a)
1186 5420 1257 5478 cat.
1275 5417 1393 5491 Gaetph.
1412 5420 1588 5468 moneamur.

88 5523 297 5590 Manena.
321 5519 425 5586 Ocra.
453 5517 539 5584 Van.
566 5511 642 5584 Vll.
1430 5485 1481 5560 66

1855 4005 2093 4026 m
