4624 6216
2267 168 2268 226 l

250 339 324 412 aar
811 323 1249 410 netsronnauu
1308 331 1415 410 nnn.
1442 333 1525 413 mn
1579 332 1709 413 1551.
2166 341 2210 412 aa

257 501 497 579 Venceslrrom
513 507 697 598 gubernet,
713 517 747 576 et
760 501 862 572 iaciat
877 527 956 574 enm
973 507 1101 586 σκεῦος
1114 499 1245 590 ἐλέους,
1342 501 1678 602 Hieronymo
1710 496 1880 574 Besol
1896 500 1956 575 do
1987 505 2192 602 (continuatori

245 615 286 680 'ct
301 633 472 701 organum
489 613 642 679 salutare
656 629 738 676 suae
754 605 892 676 animae
907 621 939 678 et
954 604 1143 677 Ecclesiae.
1174 605 1248 678 Da·
1689 603 1905 701 Noriberg.)

251 728 308 784 tae
324 711 398 782 Cal.
415 711 632 805 Septembris
649 732 742 779 auno
764 703 870 776 1551.

478 839 488 852 ·
768 804 956 902 Philippus
972 803 1187 878 Melautlnou

827 933 934 980 marm
956 911 1111 1004 propria.

1299 737 1348 826 S.
1365 753 1410 828 D.
1443 753 1577 826 Scribit
1591 757 1633 824 ad
1652 779 1715 824 nos
1728 777 1789 826 sua
1804 779 1912 825 manu
1926 753 2006 824 Dux
2017 747 2219 846 Pressioms'),

1299 881 1335 924 se
1351 860 1393 925 ad
1414 881 1477 925 uos
1493 857 1666 926 contraria
1684 879 1828 926 suorum
1845 859 1973 946 scripta
1994 857 2153 924 missurum
2170 880 2219 926 esse.

1299 954 1346 1026 Et
1363 955 1440 1028 Iler
1455 958 1588 1028 Dauiae
1606 954 1765 1028 hortator
1779 971 1830 1027 est
1847 959 1877 1026 ei
1887 1013 1897 1042 ,
1922 981 1967 1028 ne
1981 959 2068 1027 sinat
2079 957 2222 1026 turbariis

1300 1059 1460 1128 cinnanum
1476 1057 1713 1128 Ecclesiarum
1728 1082 1950 1134 consensum.
1975 1057 2048 1128 Etsi
2062 1074 2156 1128 autem
2168 1057 2223 1125 ittnt
2267 1065 2269 1102 ¹

1300 1175 1438 1244 metuo,
1464 1163 1559 1253 quod
1575 1183 1677 1250 saepe
1694 1163 1749 1240 iit,
1778 1175 1818 1230 ut
1835 1162 1946 1250 magis
1964 1161 2170 1230 inflammetur
2180 1181 2225 1226 ter·

269 1254 333 1325 No·
348 1253 459 1322 4947·
1093 1253 1222 1338 1.Sept.
1302 1275 1418 1331 tamen
1435 1264 1673 1346 adversando,
1698 1275 1815 1330 tamen
1833 1264 2044 1352 respondere
2058 1258 2228 1340 necessecn't,

262 1351 472 1385 Μ
537 1435 546 1452 ‚
1078 1345 1249 1372 m
1300 1357 1407 1458 †seoi
1425 1367 1479 1456 τῷ
1500 1358 1678 1456 ἀντιδίκῳ
1694 1359 1791 1455 μέλει
1809 1357 1917 1455 ἡμῶν
1931 1359 2047 1458 ὥςπερ
2059 1366 2126 1432 τῶν
2140 1360 2169 1430 ἐν
2181 1355 2228 1428 rii-

480 1434 607 1520 Herc.
638 1432 1032 1542 Baeemgartnero.
1300 1485 1391 1556 paor
1407 1458 1692 1558 [sammarth

326 1597 410 1668 Epist.
428 1595 474 1648 lib.
491 1593 538 1649 Vl.
555 1611 583 1662 p.
598 1593 645 1646 182
657 1611 697 1664 sq.
726 1588 1250 1660 ttte'excmopaptotuendtdont.
1404 1565 1511 1638 Mitto
1539 1567 1601 1636 libi
1626 1566 1777 1656 pagellas
1801 1567 1845 1634 tle
1861 1562 2017 1658 Ecllpsl,
2046 1564 2102 1632 elsi
2121 1561 2231 1652 oplillffln

360 1685 386 1736 P·
401 1665 468 1734 ¹⁶⁵a
486 1663 531 1718 ⁰¹¹¹
543 1662 675 1736 adscripta
687 1665 829 1734 ¹⁶⁵⁰¹¹²⁰f³
848 1663 875 1716 d.
893 1664 934 1715 ¹⁵·
950 1662 1023 1732 ⁵⁶9²·
1038 1661 1130 1716 ¹⁵⁵¹·”
1302 1691 1423 1736 versus
1453 1689 1526 1738 esse
1549 1667 1730 1751 meliores,
1763 1669 1823 1736 sed
1849 1691 1891 1736 eo
1917 1670 2039 1751 mitto,
2069 1679 2106 1734 ut
2126 1663 2232 1730 scribant

1302 1769 1405 1836 nobis
1428 1761 1706 1841 memmimus
1730 1783 1765 1838 et
1783 1764 1910 1837 Stoius
1934 1791 2017 1838 sanae
2037 1761 2233 1836 observationis

1302 1885 1336 1939 ct
1367 1871 1658 1939 considerationis
1687 1883 1836 1960 tempus.
1892 1869 2115 1958 Diligentiam
2134 1857 2234 1933 ilidii

1302 1971 1461 2044 novistis.
1513 1967 1561 2040 Et
1582 1985 1697 2042 tamen
1713 1971 1854 2042 videtur
1866 1965 2019 2062 Eclipsis
2035 1969 2162 2038 initium
2174 1979 2234 2034 ante·

259 2063 306 2150 S.
335 2072 380 2146 D.
431 2069 551 2144 Erunt
566 2071 604 2140 in
618 2067 683 2142 hac
699 2070 826 2140 muudi
841 2084 976 2140 senecta
992 2067 1162 2162 paulatim
1179 2069 1253 2138 dis-
1303 2072 1443 2142 cessisse
1466 2073 1501 2140 id
1525 2087 1680 2164 tempus,
1711 2073 1806 2164 quod
1823 2073 2018 2142 annotavit.
2068 2067 2236 2138 Dc'lriden

258 2176 447 2250 unctiones
472 2173 630 2263 gentium
654 2186 687 2242 et
703 2173 917 2262 religionum
935 2173 1064 2264 plures.
1116 2168 1159 2240 lu
1174 2169 1252 2240 Au·
1303 2173 1378 2243 tina
1394 2173 1539 2265 Synodo
1555 2197 1676 2242 rursus
1692 2167 1751 2242 hic
1767 2175 1959 2244 silentium.
2012 2167 2236 2260 significante

257 2279 329 2370 glia
354 2289 542 2368 postquam
569 2289 604 2346 ct
628 2275 770 2344 foedera
797 2275 995 2344 factasunt
1021 2287 1056 2344 et
1083 2285 1182 2364 pacta
1209 2275 1253 2342 dc
1303 2297 1365 2354 co,
1395 2275 1564 2368 quicquid
1589 2269 1698 2343 habes
1721 2271 1926 2371 ἀξιόλογον,
1977 2273 2088 2342 Nobis
2111 2269 2237 2342 scribitur,

259 2378 443 2467 coniugio,
463 2399 559 2446 nuuc
576 2401 655 2446 cum
672 2373 821 2445 Gallicis
842 2375 963 2464 legatis
979 2374 1253 2446 deliberationes
1303 2371 1472 2465 Anglicos
1496 2373 1658 2446 homines
1678 2376 1748 2444 iam
1766 2401 1845 2446 cum
1865 2375 2006 2464 Legatis
2024 2371 2157 2444 Gallicis
2170 2371 2237 2438 disse·

259 2493 343 2552 sunt
357 2473 440 2575 περὶ
454 2471 696 2558 διδασκαλίας
711 2471 774 2548 καὶ
789 2471 871 2570 περὶ
886 2480 953 2548 τοῦ
971 2471 1165 2570 ἀρχιερέως
1181 2476 1253 2570 ῥω-
1302 2501 1379 2546 rere
1399 2479 1443 2546 de
1460 2477 1638 2562 doctrina,
1664 2491 1697 2546 et
1711 2480 1881 2568 quosdam
1899 2473 2096 2546 hortatores
2109 2497 2170 2542 esse
2185 2466 2238 2553 ttni

258 2577 386 2676 μαίου.
442 2577 536 2650 Sunt
567 2580 631 2674 qui
664 2575 872 2657 hortantur,
910 2591 951 2648 ut
977 2575 1137 2648 Gallicus
1164 2573 1253 2662 Rex,
1304 2575 1464 2658 Gallico,
1497 2591 1537 2649 ut
1560 2601 1663 2648 suum
1681 2573 1826 2671 ἀξίωμα
1843 2572 2100 2674 ἀρχιερατικὸν
2116 2576 2150 2642 in
2164 2568 2239 2642 Gallis

259 2697 446 2778 postquam
458 2677 624 2750 Pontifex
638 2679 669 2748 ei
682 2679 818 2750 fulmen
832 2701 934 2748 suum
948 2677 1148 2764 minitatur,
1166 2703 1252 2748 cou-
1301 2679 1436 2749 tribuat
1451 2673 1674 2754 Patriarchae
1691 2681 1869 2750 ademtum
1884 2683 1939 2774 τῷ
1952 2674 2106 2772 ῥωμαίῳ
2121 2669 2239 2770 ipzttttl·

259 2783 558 2870 stituatinreguo
577 2778 716 2850 Gallico
734 2773 986 2854 Patriarcham.
1029 2779 1252 2850 Pannonicas
1303 2773 1503 2873 Georgium
1542 2777 1779 2873 Wgnerum
1812 2782 1879 2852 tibi
1909 2784 2128 2851 commendo.
2183 2771 2240 2841 But

260 2909 316 2958 res
336 2885 407 2953 scio
426 2882 494 2952 tibi
508 2896 611 2954 notas
628 2905 711 2952 esse.
762 2877 843 2950 Dux
857 2871 1034 2951 Pressius
1050 2881 1173 2952 scribit
1185 2906 1252 2950 no·
1302 2883 1398 2968 vale,
1422 2896 1457 2952 et
1473 2884 1636 2952 rescribe.

260 2988 316 3058 bis
341 3009 403 3054 sua
425 3006 551 3068 manu,
584 3006 620 3052 se
638 3005 781 3052 suonam
798 2984 926 3074 scripta
942 2984 1045 3054 nobis
1062 2983 1252 3052 missurum
1946 2977 2044 3056 Phil.
2059 2979 2179 3051 Melan.

260 3111 354 3170 esse,
385 3099 427 3155 ut
447 3084 659 3156 iudicentur.
710 3081 884 3154 Fortassis
901 3099 1019 3156 autem
1033 3098 1153 3156 nostra
1171 3108 1252 3154 seu-

261 3189 372 3262 tentia
396 3186 463 3256 erit
484 3185 541 3254 illi
558 3183 711 3274 Gorgiae
735 3185 916 3256 classicum
939 3185 1025 3254 novi
1039 3185 1252 3259 certaminis.

261 3291 333 3363 Sed
357 3302 476 3358 tamen
498 3280 558 3359 dez
576 3287 797 3383 συνηγορεῖν
811 3291 858 3378 τῇ
874 3279 1049 3379 ἀληθείᾳ,
1075 3301 1117 3356 ut
1130 3286 1169 3354 in
1186 3281 1253 3355 At·
1314 3301 1508 3376 N0‚4949‚
1949 3361 1953 3369 ,
2153 3301 2242 3380 esopi.

261 3393 331 3463 tico
347 3391 547 3506 iuramento
562 3389 764 3490 dicebatur,
790 3383 923 3480 ἀμυνῶ
940 3383 1032 3484 ὑπὲρ
1050 3391 1127 3460 τῶν
1142 3383 1253 3483 ἱερῶν
1308 3397 1520 3436 “⁹⁸“
2156 3394 2242 3424 Ν

260 3488 325 3566 καὶ
339 3516 454 3608 mi
469 3483 789 3606 eatparddttpr.
858 3587 865 3604 ,
1509 3505 1697 3590 Pastori
1719 3509 1769 3590 in
1792 3505 2091 3591 Rauranum.

362 3589 481 3662 Eunus
496 3583 649 3684 Georges
671 3588 862 3686 Wagnerr
877 3589 970 3658 bona
986 3602 1037 3659 est
1051 3603 1195 3674 natura,
1220 3603 1254 3660 et
1527 3666 1534 3680 ,

262 3694 380 3766 studia
404 3691 646 3762 moderatione
662 3716 801 3761 morum
818 3703 934 3760 ornat.
983 3687 1119 3762 Didicit
1135 3704 1253 3761 autem
1370 3663 1437 3719 Md·
1452 3663 1556 3720 consu.
1571 3665 1617 3720 ¹⁸²·
1636 3665 1668 3722 p,
1681 3665 1715 3722 ¹¹·
1734 3685 1761 3739 Ρ·
1777 3668 1825 3723 ¹⁶¹
1839 3683 1879 3735 ’Ψ

262 3787 515 3882 Philosophica
537 3806 572 3862 ct
587 3816 761 3860 summam
781 3792 963 3862 doctrinae
978 3786 1254 3876 Ecclesiasticae,
1304 3814 1364 3888 A„
1383 3811 1508 3892 Coma
1529 3817 1693 3892 Domini
1713 3819 1926 3922 infamibus
1949 3813 2189 3919 pmparppmda
2204 3807 2248 3882 sit?

262 3897 313 3965 ita
326 3906 515 3983 utspcrem
529 3893 612 3962 usui
626 3899 879 3964 etor'uameuto
894 3893 970 3962 lore
984 3889 1160 3964 Ecclesiae
1174 3893 1253 3970 Dei.
1303 3919 1358 3992 Ep
1384 3919 1426 3993 de
1444 3917 1594 4022 phrasi:
1627 3920 1728 4022 quod
1744 3923 1989 3995 Sacramenta
2016 3909 2248 4023 adseramgpp

264 3995 385 4084 Quare
408 3993 511 4061 valde
534 4007 568 4064 te
592 4017 676 4078 oro,
701 4009 741 4064 ut
761 4019 841 4064 eum
859 3993 1007 4065 Senatui
1026 4007 1141 4064 vestro
1158 4007 1192 4064 et
1211 3993 1254 4063 iis
1406 4033 1516 4094 „pum
1531 4036 1700 4096 sanctum
1739 4021 1997 4096 adpaspmm
2012 4021 2184 4096 Rapum·

263 4095 328 4191 qui
350 4091 526 4186 stipendia
543 4093 762 4166 distribuunt
777 4095 1013 4167 commendes.
1063 4093 1173 4166 Mitto
1188 4096 1254 4166 tibi
1703 4081 1713 4112 ’

262 4197 435 4290 pagellam
458 4195 502 4264 de
517 4191 664 4286 Eclipsi.
711 4181 983 4286 Elegantissime
1007 4209 1058 4267 cst
1080 4211 1206 4266 natura
1221 4210 1256 4266 et
1303 4161 1448 4260 Perlegi
1464 4185 1561 4243 luam
1576 4175 1853 4266 ὀίδΡΰῑθῑῖὓῐηῖῑ1
1870 4175 1914 4241 ‘¹⁸
1928 4169 2053 4244 Coena
2069 4169 2200 4244 D0m5¹¹l
2212 4167 2247 4278 {¹⁰²

263 4299 390 4370 namu
421 4297 574 4366 emanata
605 4298 644 4364 u
674 4291 907 4387 Pntnosopau
933 4289 1131 4366 orantem
1156 4291 1258 4368 sne
1304 4274 1488 4368 partienda
1511 4275 1729 4361 infantibus.
1761 4289 1795 4346 et
1818 4299 1953 4372 morem
1971 4271 2247 4348 vestraeEcctoe

262 4397 440 4472 Prussiaci
472 4391 621 4492 hospitis
652 4399 771 4468 vestri,
828 4395 947 4486 Quare
980 4422 1061 4466 eum
1096 4413 1257 4470 amante„
1305 4376 1401 4448 novi.
1453 4373 1535 4446 Scio
1561 4391 1597 4447 et
1619 4379 1713 4470 apud
1733 4373 1952 4472 Cyprianum
1976 4379 2149 4469 quaedam
2168 4383 2249 4439 entant.

263 4499 506 4592 complectare,
567 4497 665 4568 Bene
701 4513 735 4570 et
769 4499 918 4570 feliciter
951 4500 1041 4568 vale,
1108 4497 1255 4573 calend,
1305 4502 1394 4570 quac
1412 4489 1606 4561 testantur,
1630 4479 1763 4548 alicubi
1780 4477 1934 4548 similem
1948 4479 2059 4551 fuisse
2073 4463 2250 4546 consuetudi

263 4591 489 4694 Septemb.')
1305 4603 1390 4647 uem
1409 4580 1507 4650 olim.
1558 4579 1629 4650 sed
1651 4580 1868 4650 cousuetudo
1891 4573 2250 4668 impartiendaecnm

774 4695 964 4796 Philippus
980 4696 1208 4777 Melantho&
1306 4680 1501 4750 insentibus
1524 4705 1599 4748 non
1620 4693 1670 4748 cst
1686 4681 1890 4748 neccssaria.
1940 4675 2066 4748 Iudico
2085 4676 2250 4768 baptismo

1197 4837 1201 4848 .
1305 4781 1355 4850 cis
1378 4781 1620 4852 testimonium
1642 4805 1740 4881 esse„
1770 4771 1983 4878 qoodfiont
2009 4777 2168 4912 membro
2187 4781 2251 4926 rere:

2090 4903 2124 4948 ec
2141 4889 2244 4972 opere·

1306 4983 1356 5052 eis
1374 4981 1563 5080 impartire
1579 4974 1740 5074 Coenam
1756 4977 1927 5051 Domini.
1967 4981 2077 5072 'regu
2094 5001 2199 5049 eorum
2212 4971 2250 5036 iu·

257 1819 537 1918 Hieronymo
555 1787 913 1913 Bomgartnetlm
940 1814 1117 1888 Senatori
1131 1815 1252 1913 incly-

502 1931 561 1991 tae
578 1920 680 1992 orbis
696 1915 927 2014 Noribergoe
944 1929 1005 1989 etc.

1322 3163 2242 3195 ...mmm-...nd

277 4898 1255 4918 ···‘··-········*·“·-···-**--···-·-····
1306 4877 1513 4964 Ecclesiae,
1545 4870 1579 4952 ei
1601 4877 1676 4951 sint
1701 4879 1741 4950 'iu
1758 4879 1888 4976 gratia
1903 4875 1989 4950 Dei.
2043 4873 2081 4952 Il

265 5027 461 5154 Q·
1090 5041 1257 5125 (ιδεμ.)

1082 5132 1252 5162 Ἣ»
1305 5099 1406 5178 petus
1424 5086 1569 5168 vitiosos
1591 5085 1721 5174 gratia,
1747 5085 1786 5154 iu
1804 5109 1908 5178 quam
1927 5085 2058 5173 recepti
2078 5095 2170 5159 sunt,
2191 5076 2250 5140 inno

614 5199 672 5282 H.
694 5195 905 5283 Besoldo.
1078 5268 1083 5281 ,
1243 5267 1249 5280 ,
1276 5189 1283 5260 l
1306 5185 1413 5300 illud:
1430 5179 1532 5302 ¹Nou
1555 5181 1800 5302 estt'r'olnntos
1822 5181 1961 5282 petris,
1994 5189 2035 5251 a!
2058 5183 2173 5280 pereat
2190 5185 2249 5242 nats

1306 5339 1512 5356 -ᾜ

264 5353 755 5469 Quaenam„
1122 5365 1142 5457 .’
1207 5386 1245 5486 ᾗ
1341 5395 1907 5491 uvsa.2p..auanon'ma.sr.s'·g.
1955 5443 1962 5488 ·.
2023 5373 2028 5385 ’
2084 5475 2088 5485 .

298 5493 331 5564 ')
350 5491 408 5546 ati·
423 5507 518 5543 manns
533 5486 690 5556 adscripsit:
714 5485 868 5543 anulliil.
1009 5489 1039 5502 ’“
1224 5489 1247 5506 “·
1341 5499 1369 5566 2)
1388 5497 1474 5554 Λάδῃ
1492 5490 1617 5554 Μ).-
1862 5493 1867 5506 ·
2007 5492 2014 5510 .
