<?xml version="1.0" encoding="UTF-8"?>
<!DOCTYPE html PUBLIC "-//W3C//DTD XHTML 1.0 Transitional//EN"
    "http://www.w3.org/TR/xhtml1/DTD/xhtml1-transitional.dtd">
<html xmlns="http://www.w3.org/1999/xhtml" xml:lang="en" lang="en">
 <head>
  <title>
</title>
<meta http-equiv="Content-Type" content="text/html;charset=utf-8" />
  <meta name='ocr-system' content='tesseract 3.04.00' />
  <meta name='ocr-capabilities' content='ocr_page ocr_carea ocr_par ocr_line ocrx_word'/>
</head>
<body>
  <div class='ocr_page' id='page_1' title='image "./philippimelanth04bindgoog_0598.png"; bbox 0 0 4730 6202; ppageno 0'>
   <div class='ocr_carea' id='block_1_1' title="bbox 205 239 2213 384">
    <p class='ocr_par' dir='ltr' id='par_1_1' title="bbox 205 239 2213 384">
     <span class='ocr_line' id='line_1_1' title="bbox 205 239 2213 384; baseline -0.004 -5"><span class='ocrx_word' id='word_1_1' title='bbox 205 306 303 384; x_wconf 84' lang='lat' dir='ltr'><strong>uss</strong></span> <span class='ocrx_word' id='word_1_2' title='bbox 665 239 669 246; x_wconf 54' lang='grc'><strong>’</strong></span> <span class='ocrx_word' id='word_1_3' title='bbox 737 250 741 259; x_wconf 56' lang='lat'><em>&#39;</em></span> <span class='ocrx_word' id='word_1_4' title='bbox 789 289 1226 372; x_wconf 80' lang='lat' dir='ltr'><strong>uctsrontnuna</strong></span> <span class='ocrx_word' id='word_1_5' title='bbox 1281 291 1389 370; x_wconf 78' lang='lat' dir='ltr'><strong>utu</strong></span> <span class='ocrx_word' id='word_1_6' title='bbox 1419 289 1503 372; x_wconf 82' lang='lat' dir='ltr'><strong>xn.</strong></span> <span class='ocrx_word' id='word_1_7' title='bbox 1555 290 1690 372; x_wconf 71' lang='lat' dir='ltr'><strong>isac</strong></span> <span class='ocrx_word' id='word_1_8' title='bbox 2138 293 2213 370; x_wconf 77' lang='lat' dir='ltr'><strong>ssu</strong></span> 
     </span>
    </p>
   </div>
   <div class='ocr_carea' id='block_1_2' title="bbox 206 457 2263 3612">
    <p class='ocr_par' dir='ltr' id='par_1_2' title="bbox 206 457 2217 666">
     <span class='ocr_line' id='line_1_2' title="bbox 206 457 2217 566; baseline -0.008 -15"><span class='ocrx_word' id='word_1_9' title='bbox 206 500 282 552; x_wconf 90' lang='lat' dir='ltr'><strong>rem</strong></span> <span class='ocrx_word' id='word_1_10' title='bbox 306 497 388 566; x_wconf 84' lang='lat' dir='ltr'><strong>erga</strong></span> <span class='ocrx_word' id='word_1_11' title='bbox 412 472 588 556; x_wconf 85' lang='lat' dir='ltr'><strong>sobolem,</strong></span> <span class='ocrx_word' id='word_1_12' title='bbox 621 481 663 540; x_wconf 88' lang='lat' dir='ltr'><strong>nt</strong></span> <span class='ocrx_word' id='word_1_13' title='bbox 683 468 756 540; x_wconf 88' lang='lat' dir='ltr'><strong>sint</strong></span> <span class='ocrx_word' id='word_1_14' title='bbox 781 467 1139 540; x_wconf 80' lang='lat' dir='ltr'><strong>commonefactiones</strong></span> <span class='ocrx_word' id='word_1_15' title='bbox 1163 466 1208 538; x_wconf 88' lang='lat' dir='ltr'><strong>de</strong></span> <span class='ocrx_word' id='word_1_16' title='bbox 1258 478 1336 536; x_wconf 90' lang='lat' dir='ltr'><strong>tum</strong></span> <span class='ocrx_word' id='word_1_17' title='bbox 1351 487 1424 536; x_wconf 87' lang='lat' dir='ltr'><strong>esse</strong></span> <span class='ocrx_word' id='word_1_18' title='bbox 1437 462 1648 558; x_wconf 88' lang='lat' dir='ltr'><strong>Imperatori</strong></span> <span class='ocrx_word' id='word_1_19' title='bbox 1663 457 1866 562; x_wconf 80' lang='lat' dir='ltr'><strong>Corolo&#39;),</strong></span> <span class='ocrx_word' id='word_1_20' title='bbox 1891 477 1926 540; x_wconf 83' lang='lat' dir='ltr'><strong>et</strong></span> <span class='ocrx_word' id='word_1_21' title='bbox 1941 465 2067 540; x_wconf 84' lang='lat' dir='ltr'><strong>ducere</strong></span> <span class='ocrx_word' id='word_1_22' title='bbox 2080 463 2217 536; x_wconf 80' lang='lat' dir='ltr'><strong>exercitus</strong></span> 
     </span>
     <span class='ocr_line' id='line_1_3' title="bbox 209 563 1687 666; baseline -0.007 -15"><span class='ocrx_word' id='word_1_23' title='bbox 209 603 329 652; x_wconf 90' lang='lat' dir='ltr'><strong>amore</strong></span> <span class='ocrx_word' id='word_1_24' title='bbox 350 577 388 646; x_wconf 90' lang='lat' dir='ltr'><strong>in</strong></span> <span class='ocrx_word' id='word_1_25' title='bbox 407 576 484 666; x_wconf 90' lang='lat' dir='ltr'><strong>ipso</strong></span> <span class='ocrx_word' id='word_1_26' title='bbox 499 596 577 664; x_wconf 88' lang='lat' dir='ltr'><strong>erga</strong></span> <span class='ocrx_word' id='word_1_27' title='bbox 595 572 727 655; x_wconf 84' lang='lat' dir='ltr'><strong>filium,</strong></span> <span class='ocrx_word' id='word_1_28' title='bbox 759 583 794 640; x_wconf 91' lang='lat' dir='ltr'><strong>et</strong></span> <span class='ocrx_word' id='word_1_29' title='bbox 812 592 893 658; x_wconf 83' lang='lat' dir='ltr'><strong>erga</strong></span> <span class='ocrx_word' id='word_1_30' title='bbox 909 593 986 640; x_wconf 90' lang='lat' dir='ltr'><strong>nos.</strong></span> <span class='ocrx_word' id='word_1_31' title='bbox 1034 563 1089 640; x_wconf 82' lang='lat' dir='ltr'><strong>Ac</strong></span> <span class='ocrx_word' id='word_1_32' title='bbox 1106 589 1210 658; x_wconf 88' lang='lat' dir='ltr'><strong>saepe</strong></span> <span class='ocrx_word' id='word_1_33' title='bbox 1259 579 1396 660; x_wconf 84' lang='lat' dir='ltr'><strong>partem</strong></span> <span class='ocrx_word' id='word_1_34' title='bbox 1411 580 1534 638; x_wconf 88' lang='lat' dir='ltr'><strong>contra</strong></span> <span class='ocrx_word' id='word_1_35' title='bbox 1548 565 1687 640; x_wconf 89' lang='lat' dir='ltr'><strong>Gallos.</strong></span> 
     </span>
    </p>

    <p class='ocr_par' dir='ltr' id='par_1_3' title="bbox 209 663 2234 1472">
     <span class='ocr_line' id='line_1_4' title="bbox 209 663 2224 772; baseline -0.006 -21"><span class='ocrx_word' id='word_1_36' title='bbox 209 681 372 772; x_wconf 76' lang='lat' dir='ltr'><strong>m&#39;agnarn</strong></span> <span class='ocrx_word' id='word_1_37' title='bbox 399 671 489 746; x_wconf 92' lang='lat' dir='ltr'><strong>mihi</strong></span> <span class='ocrx_word' id='word_1_38' title='bbox 504 673 779 746; x_wconf 89' lang='lat' dir='ltr'><strong>consolationem</strong></span> <span class='ocrx_word' id='word_1_39' title='bbox 796 672 916 742; x_wconf 87' lang='lat' dir='ltr'><strong>attulit</strong></span> <span class='ocrx_word' id='word_1_40' title='bbox 930 665 1017 742; x_wconf 88' lang='lat' dir='ltr'><strong>haec</strong></span> <span class='ocrx_word' id='word_1_41' title='bbox 1030 669 1210 759; x_wconf 87' lang='lat' dir='ltr'><strong>cogitatio,</strong></span> <span class='ocrx_word' id='word_1_42' title='bbox 1363 665 1405 738; x_wconf 93' lang='lat' dir='ltr'><strong>ln</strong></span> <span class='ocrx_word' id='word_1_43' title='bbox 1431 663 1609 764; x_wconf 77' lang='lat' dir='ltr'><strong>Ungaria</strong></span> <span class='ocrx_word' id='word_1_44' title='bbox 1627 668 1740 742; x_wconf 83' lang='lat' dir='ltr'><strong>Tucci</strong></span> <span class='ocrx_word' id='word_1_45' title='bbox 1760 681 1906 762; x_wconf 91' lang='lat' dir='ltr'><strong>propter</strong></span> <span class='ocrx_word' id='word_1_46' title='bbox 1927 664 2149 762; x_wconf 78' lang='lat' dir='ltr'><strong>pestilentiam</strong></span> <span class='ocrx_word' id='word_1_47' title='bbox 2168 667 2224 738; x_wconf 74' lang='lat' dir='ltr'><strong>un</strong></span> 
     </span>
     <span class='ocr_line' id='line_1_5' title="bbox 212 763 2226 866; baseline -0.008 -11"><span class='ocrx_word' id='word_1_48' title='bbox 212 779 468 856; x_wconf 74' lang='lat' dir='ltr'>consideranti:</span> <span class='ocrx_word' id='word_1_49' title='bbox 502 776 552 846; x_wconf 92' lang='lat' dir='ltr'><strong>sic</strong></span> <span class='ocrx_word' id='word_1_50' title='bbox 575 797 640 845; x_wconf 91' lang='lat' dir='ltr'><strong>nos</strong></span> <span class='ocrx_word' id='word_1_51' title='bbox 663 775 777 846; x_wconf 88' lang='lat' dir='ltr'><strong>aDeo</strong></span> <span class='ocrx_word' id='word_1_52' title='bbox 800 773 920 864; x_wconf 78' lang='lat' dir='ltr'>diligi,</span> <span class='ocrx_word' id='word_1_53' title='bbox 952 774 1125 844; x_wconf 89' lang='lat' dir='ltr'><strong>sicutnos</strong></span> <span class='ocrx_word' id='word_1_54' title='bbox 1142 770 1211 863; x_wconf 92' lang='lat' dir='ltr'><strong>ipsi</strong></span> <span class='ocrx_word' id='word_1_55' title='bbox 1261 769 1466 866; x_wconf 89' lang='lat' dir='ltr'><strong>quiescunt,</strong></span> <span class='ocrx_word' id='word_1_56' title='bbox 1491 771 1923 866; x_wconf 86' lang='lat' dir='ltr'><strong>quaeinteripsosctiam</strong></span> <span class='ocrx_word' id='word_1_57' title='bbox 1939 784 2122 861; x_wconf 75' lang='lat' dir='ltr'>grassatur.</span> <span class='ocrx_word' id='word_1_58' title='bbox 2152 763 2226 840; x_wconf 91' lang='lat' dir='ltr'><strong>Ore-</strong></span> 
     </span>
     <span class='ocr_line' id='line_1_6' title="bbox 213 868 2229 972; baseline -0.007 -17"><span class='ocrx_word' id='word_1_59' title='bbox 213 883 372 955; x_wconf 88' lang='lat' dir='ltr'><strong>sobolem</strong></span> <span class='ocrx_word' id='word_1_60' title='bbox 402 878 593 968; x_wconf 86' lang='lat' dir='ltr'><strong>diligimus.</strong></span> <span class='ocrx_word' id='word_1_61' title='bbox 652 874 759 962; x_wconf 91' lang='lat' dir='ltr'><strong>Quod</strong></span> <span class='ocrx_word' id='word_1_62' title='bbox 783 875 892 964; x_wconf 89' lang='lat' dir='ltr'><strong>igitur</strong></span> <span class='ocrx_word' id='word_1_63' title='bbox 914 888 1061 967; x_wconf 87' lang='lat' dir='ltr'><strong>paterno</strong></span> <span class='ocrx_word' id='word_1_64' title='bbox 1087 873 1211 943; x_wconf 91' lang='lat' dir='ltr'><strong>dolore</strong></span> <span class='ocrx_word' id='word_1_65' title='bbox 1262 893 1341 940; x_wconf 89' lang='lat' dir='ltr'><strong>mus</strong></span> <span class='ocrx_word' id='word_1_66' title='bbox 1362 869 1500 956; x_wconf 90' lang='lat' dir='ltr'><strong>Deum,</strong></span> <span class='ocrx_word' id='word_1_67' title='bbox 1538 885 1579 944; x_wconf 93' lang='lat' dir='ltr'><strong>ut</strong></span> <span class='ocrx_word' id='word_1_68' title='bbox 1605 873 1680 966; x_wconf 91' lang='lat' dir='ltr'><strong>ipse</strong></span> <span class='ocrx_word' id='word_1_69' title='bbox 1703 897 1769 966; x_wconf 92' lang='lat' dir='ltr'><strong>pro</strong></span> <span class='ocrx_word' id='word_1_70' title='bbox 1794 868 1962 972; x_wconf 83' lang='lat' dir='ltr'><strong>Ecclesiis</strong></span> <span class='ocrx_word' id='word_1_71' title='bbox 1988 869 2186 942; x_wconf 87' lang='lat' dir='ltr'><strong>Pannonicis</strong></span> <span class='ocrx_word' id='word_1_72' title='bbox 2202 883 2229 942; x_wconf 87' lang='lat' dir='ltr'><strong>et</strong></span> 
     </span>
     <span class='ocr_line' id='line_1_7' title="bbox 214 969 2230 1076; baseline -0.008 -20"><span class='ocrx_word' id='word_1_73' title='bbox 214 985 343 1076; x_wconf 85' lang='lat' dir='ltr'><strong>lugetis</strong></span> <span class='ocrx_word' id='word_1_74' title='bbox 369 983 501 1063; x_wconf 92' lang='lat' dir='ltr'><strong>lilium,</strong></span> <span class='ocrx_word' id='word_1_75' title='bbox 533 977 740 1070; x_wconf 89' lang='lat' dir='ltr'><strong>praesertim</strong></span> <span class='ocrx_word' id='word_1_76' title='bbox 767 976 990 1066; x_wconf 85' lang='lat' dir='ltr'><strong>ingeniosum</strong></span> <span class='ocrx_word' id='word_1_77' title='bbox 1009 969 1061 1071; x_wconf 88' lang='lat'><strong>¹),</strong></span> <span class='ocrx_word' id='word_1_78' title='bbox 1101 977 1213 1067; x_wconf 87' lang='lat' dir='ltr'><strong>pietas</strong></span> <span class='ocrx_word' id='word_1_79' title='bbox 1262 971 1394 1044; x_wconf 89' lang='lat' dir='ltr'><strong>nostris</strong></span> <span class='ocrx_word' id='word_1_80' title='bbox 1423 987 1571 1065; x_wconf 79' lang='lat' dir='ltr'>pugnet:</span> <span class='ocrx_word' id='word_1_81' title='bbox 1613 975 1698 1068; x_wconf 88' lang='lat' dir='ltr'><strong>quia</strong></span> <span class='ocrx_word' id='word_1_82' title='bbox 1726 973 1856 1046; x_wconf 86' lang='lat' dir='ltr'><strong>videtis</strong></span> <span class='ocrx_word' id='word_1_83' title='bbox 1883 974 2003 1068; x_wconf 81' lang='lat' dir='ltr'><strong>qualia</strong></span> <span class='ocrx_word' id='word_1_84' title='bbox 2026 984 2140 1063; x_wconf 87' lang='lat' dir='ltr'><strong>gerant</strong></span> <span class='ocrx_word' id='word_1_85' title='bbox 2157 971 2230 1040; x_wconf 91' lang='lat' dir='ltr'><strong>belle</strong></span> 
     </span>
     <span class='ocr_line' id='line_1_8' title="bbox 213 1068 2231 1172; baseline -0.007 -15"><span class='ocrx_word' id='word_1_86' title='bbox 213 1102 277 1161; x_wconf 91' lang='lat' dir='ltr'><strong>est.</strong></span> <span class='ocrx_word' id='word_1_87' title='bbox 328 1082 398 1156; x_wconf 86' lang='lat' dir='ltr'><strong>Sed</strong></span> <span class='ocrx_word' id='word_1_88' title='bbox 414 1083 489 1154; x_wconf 89' lang='lat' dir='ltr'><strong>vult</strong></span> <span class='ocrx_word' id='word_1_89' title='bbox 504 1077 600 1150; x_wconf 89' lang='lat' dir='ltr'><strong>Deus</strong></span> <span class='ocrx_word' id='word_1_90' title='bbox 616 1093 813 1172; x_wconf 86' lang='lat' dir='ltr'><strong>utcunque:</strong></span> <span class='ocrx_word' id='word_1_91' title='bbox 840 1092 873 1150; x_wconf 90' lang='lat' dir='ltr'><strong>et</strong></span> <span class='ocrx_word' id='word_1_92' title='bbox 888 1077 991 1148; x_wconf 87' lang='lat' dir='ltr'><strong>adfici</strong></span> <span class='ocrx_word' id='word_1_93' title='bbox 1006 1099 1072 1148; x_wconf 90' lang='lat' dir='ltr'><strong>nos</strong></span> <span class='ocrx_word' id='word_1_94' title='bbox 1088 1077 1213 1146; x_wconf 89' lang='lat' dir='ltr'><strong>dolore</strong></span> <span class='ocrx_word' id='word_1_95' title='bbox 1262 1073 1377 1145; x_wconf 81' lang='lat' dir='ltr'>nostri</span> <span class='ocrx_word' id='word_1_96' title='bbox 1394 1075 1593 1150; x_wconf 76' lang='lat' dir='ltr'><strong>bellatores.</strong></span> <span class='ocrx_word' id='word_1_97' title='bbox 1632 1074 1797 1148; x_wconf 87' lang='lat' dir='ltr'><strong>Servabit</strong></span> <span class='ocrx_word' id='word_1_98' title='bbox 1813 1075 1907 1148; x_wconf 87' lang='lat' dir='ltr'><strong>filius</strong></span> <span class='ocrx_word' id='word_1_99' title='bbox 1922 1072 1991 1146; x_wconf 90' lang='lat' dir='ltr'><strong>Dei</strong></span> <span class='ocrx_word' id='word_1_100' title='bbox 2009 1073 2164 1168; x_wconf 88' lang='lat' dir='ltr'><strong>reliquias</strong></span> <span class='ocrx_word' id='word_1_101' title='bbox 2177 1068 2231 1142; x_wconf 89' lang='lat' dir='ltr'><strong>Ec-</strong></span> 
     </span>
     <span class='ocr_line' id='line_1_9' title="bbox 216 1174 2233 1268; baseline -0.007 -9"><span class='ocrx_word' id='word_1_102' title='bbox 216 1215 257 1262; x_wconf 90' lang='lat' dir='ltr'><strong>ac</strong></span> <span class='ocrx_word' id='word_1_103' title='bbox 278 1184 452 1256; x_wconf 90' lang='lat' dir='ltr'><strong>desiderio</strong></span> <span class='ocrx_word' id='word_1_104' title='bbox 472 1195 696 1266; x_wconf 89' lang='lat' dir='ltr'><strong>nostrorum,</strong></span> <span class='ocrx_word' id='word_1_105' title='bbox 730 1194 902 1250; x_wconf 90' lang='lat' dir='ltr'><strong>ettamen</strong></span> <span class='ocrx_word' id='word_1_106' title='bbox 923 1178 1101 1250; x_wconf 87' lang='lat' dir='ltr'><strong>moderari</strong></span> <span class='ocrx_word' id='word_1_107' title='bbox 1117 1174 1214 1248; x_wconf 86' lang='lat' dir='ltr'><strong>hunc</strong></span> <span class='ocrx_word' id='word_1_108' title='bbox 1265 1175 1388 1245; x_wconf 91' lang='lat' dir='ltr'><strong>clesiae</strong></span> <span class='ocrx_word' id='word_1_109' title='bbox 1411 1200 1508 1246; x_wconf 87' lang='lat' dir='ltr'><strong>suae:</strong></span> <span class='ocrx_word' id='word_1_110' title='bbox 1543 1189 1577 1247; x_wconf 91' lang='lat' dir='ltr'><strong>et</strong></span> <span class='ocrx_word' id='word_1_111' title='bbox 1598 1189 1639 1248; x_wconf 87' lang='lat' dir='ltr'><strong>ut</strong></span> <span class='ocrx_word' id='word_1_112' title='bbox 1662 1191 1797 1262; x_wconf 88' lang='lat' dir='ltr'><strong>servet,</strong></span> <span class='ocrx_word' id='word_1_113' title='bbox 1829 1190 1904 1248; x_wconf 92' lang='lat' dir='ltr'><strong>toto</strong></span> <span class='ocrx_word' id='word_1_114' title='bbox 1925 1201 2006 1248; x_wconf 87' lang='lat' dir='ltr'><strong>eum</strong></span> <span class='ocrx_word' id='word_1_115' title='bbox 2031 1191 2233 1268; x_wconf 80' lang='lat' dir='ltr'><strong>pectoreoro·</strong></span> 
     </span>
     <span class='ocr_line' id='line_1_10' title="bbox 216 1273 2234 1377; baseline -0.008 -15"><span class='ocrx_word' id='word_1_116' title='bbox 216 1289 395 1362; x_wconf 87' lang='lat' dir='ltr'><strong>dolorem:</strong></span> <span class='ocrx_word' id='word_1_117' title='bbox 425 1283 630 1377; x_wconf 84' lang='lat' dir='ltr'><strong>praesertim</strong></span> <span class='ocrx_word' id='word_1_118' title='bbox 646 1307 727 1351; x_wconf 87' lang='lat' dir='ltr'><strong>cum</strong></span> <span class='ocrx_word' id='word_1_119' title='bbox 745 1281 794 1372; x_wconf 89' lang='lat' dir='ltr'><strong>pii</strong></span> <span class='ocrx_word' id='word_1_120' title='bbox 814 1305 887 1350; x_wconf 90' lang='lat' dir='ltr'><strong>nou</strong></span> <span class='ocrx_word' id='word_1_121' title='bbox 905 1281 1104 1352; x_wconf 87' lang='lat' dir='ltr'><strong>moriantur</strong></span> <span class='ocrx_word' id='word_1_122' title='bbox 1120 1303 1214 1358; x_wconf 89' lang='lat' dir='ltr'><strong>casu,</strong></span> <span class='ocrx_word' id='word_1_123' title='bbox 1264 1275 1362 1346; x_wconf 89' lang='lat' dir='ltr'><strong>Bene</strong></span> <span class='ocrx_word' id='word_1_124' title='bbox 1379 1290 1413 1346; x_wconf 90' lang='lat' dir='ltr'><strong>et</strong></span> <span class='ocrx_word' id='word_1_125' title='bbox 1428 1277 1580 1350; x_wconf 88' lang='lat' dir='ltr'><strong>feliciter</strong></span> <span class='ocrx_word' id='word_1_126' title='bbox 1597 1279 1729 1366; x_wconf 87' lang='lat' dir='ltr'><strong>valete,</strong></span> <span class='ocrx_word' id='word_1_127' title='bbox 1755 1273 2234 1361; x_wconf 60' lang='lat' dir='ltr'><strong>numerumnunerum</strong></span> 
     </span>
     <span class='ocr_line' id='line_1_11' title="bbox 218 1375 1648 1472; baseline -0.004 -12"><span class='ocrx_word' id='word_1_128' title='bbox 218 1407 253 1463; x_wconf 88' lang='lat' dir='ltr'><strong>et</strong></span> <span class='ocrx_word' id='word_1_129' title='bbox 266 1401 438 1460; x_wconf 89' lang='lat' dir='ltr'><strong>vocentur</strong></span> <span class='ocrx_word' id='word_1_130' title='bbox 451 1387 494 1456; x_wconf 93' lang='lat' dir='ltr'><strong>ad</strong></span> <span class='ocrx_word' id='word_1_131' title='bbox 510 1383 697 1454; x_wconf 85' lang='lat' dir='ltr'><strong>coelestem</strong></span> <span class='ocrx_word' id='word_1_132' title='bbox 712 1379 917 1456; x_wconf 73' lang='lat' dir='ltr'><strong>Ecclesiam.</strong></span> <span class='ocrx_word' id='word_1_133' title='bbox 962 1375 1215 1472; x_wconf 89' lang='lat' dir='ltr'><strong>Obtemperate</strong></span> <span class='ocrx_word' id='word_1_134' title='bbox 1267 1377 1509 1466; x_wconf 80' lang='lat' dir='ltr'><strong>Pannonicae,</strong></span> <span class='ocrx_word' id='word_1_135' title='bbox 1538 1376 1648 1454; x_wconf 74' lang='lat'><strong>1552.</strong></span> 
     </span>
    </p>

    <p class='ocr_par' dir='ltr' id='par_1_4' title="bbox 217 1481 1925 2090">
     <span class='ocr_line' id='line_1_12' title="bbox 217 1481 1215 1586; baseline -0.016 -20"><span class='ocrx_word' id='word_1_136' title='bbox 217 1493 326 1586; x_wconf 86' lang='lat' dir='ltr'><strong>igitur</strong></span> <span class='ocrx_word' id='word_1_137' title='bbox 339 1491 434 1573; x_wconf 88' lang='lat' dir='ltr'><strong>Deo,</strong></span> <span class='ocrx_word' id='word_1_138' title='bbox 467 1501 502 1557; x_wconf 93' lang='lat' dir='ltr'><strong>et</strong></span> <span class='ocrx_word' id='word_1_139' title='bbox 526 1485 673 1574; x_wconf 82' lang='lat' dir='ltr'><strong>cogitate</strong></span> <span class='ocrx_word' id='word_1_140' title='bbox 696 1486 806 1552; x_wconf 83' lang='lat' dir='ltr'><strong>tilium</strong></span> <span class='ocrx_word' id='word_1_141' title='bbox 831 1483 900 1552; x_wconf 90' lang='lat' dir='ltr'><strong>iam</strong></span> <span class='ocrx_word' id='word_1_142' title='bbox 918 1482 990 1552; x_wconf 91' lang='lat' dir='ltr'><strong>srui</strong></span> <span class='ocrx_word' id='word_1_143' title='bbox 1005 1507 1087 1552; x_wconf 88' lang='lat' dir='ltr'><strong>vera</strong></span> <span class='ocrx_word' id='word_1_144' title='bbox 1101 1481 1215 1552; x_wconf 93' lang='lat' dir='ltr'><strong>beati·</strong></span> 
     </span>
     <span class='ocr_line' id='line_1_13' title="bbox 219 1581 1214 1676; baseline -0.018 -8"><span class='ocrx_word' id='word_1_145' title='bbox 219 1595 345 1668; x_wconf 91' lang='lat' dir='ltr'><strong>tudine</strong></span> <span class='ocrx_word' id='word_1_146' title='bbox 366 1613 483 1660; x_wconf 89' lang='lat' dir='ltr'><strong>coram</strong></span> <span class='ocrx_word' id='word_1_147' title='bbox 506 1587 677 1676; x_wconf 88' lang='lat' dir='ltr'><strong>sapientia</strong></span> <span class='ocrx_word' id='word_1_148' title='bbox 697 1581 774 1657; x_wconf 84' lang='lat' dir='ltr'><strong>Dei.</strong></span> <span class='ocrx_word' id='word_1_149' title='bbox 826 1584 908 1655; x_wconf 92' lang='lat' dir='ltr'><strong>Scio</strong></span> <span class='ocrx_word' id='word_1_150' title='bbox 932 1585 1038 1654; x_wconf 82' lang='lat' dir='ltr'><strong>luisse</strong></span> <span class='ocrx_word' id='word_1_151' title='bbox 1060 1597 1214 1654; x_wconf 83' lang='lat' dir='ltr'><strong>mentem</strong></span> 
     </span>
     <span class='ocr_line' id='line_1_14' title="bbox 219 1681 1217 1774; baseline -0.016 -6"><span class='ocrx_word' id='word_1_152' title='bbox 219 1700 258 1768; x_wconf 91' lang='lat' dir='ltr'><strong>in</strong></span> <span class='ocrx_word' id='word_1_153' title='bbox 283 1721 324 1766; x_wconf 90' lang='lat' dir='ltr'><strong>eo</strong></span> <span class='ocrx_word' id='word_1_154' title='bbox 349 1695 529 1762; x_wconf 83' lang='lat' dir='ltr'><strong>ardentem</strong></span> <span class='ocrx_word' id='word_1_155' title='bbox 551 1690 619 1756; x_wconf 86' lang='lat' dir='ltr'><strong>fide</strong></span> <span class='ocrx_word' id='word_1_156' title='bbox 642 1701 675 1756; x_wconf 92' lang='lat' dir='ltr'><strong>et</strong></span> <span class='ocrx_word' id='word_1_157' title='bbox 698 1688 775 1756; x_wconf 88' lang='lat' dir='ltr'><strong>luce</strong></span> <span class='ocrx_word' id='word_1_158' title='bbox 794 1701 1004 1774; x_wconf 77' lang='lat' dir='ltr'><strong>agnoscente</strong></span> <span class='ocrx_word' id='word_1_159' title='bbox 1021 1685 1135 1756; x_wconf 90' lang='lat' dir='ltr'><strong>lilium</strong></span> <span class='ocrx_word' id='word_1_160' title='bbox 1149 1681 1217 1754; x_wconf 92' lang='lat' dir='ltr'><strong>Dei</strong></span> 
     </span>
     <span class='ocr_line' id='line_1_15' title="bbox 220 1783 1217 1872; baseline -0.018 0"><span class='ocrx_word' id='word_1_161' title='bbox 220 1797 419 1872; x_wconf 92' lang='lat' dir='ltr'><strong>Dominum</strong></span> <span class='ocrx_word' id='word_1_162' title='bbox 453 1805 614 1860; x_wconf 90' lang='lat' dir='ltr'><strong>nostrum</strong></span> <span class='ocrx_word' id='word_1_163' title='bbox 648 1787 763 1858; x_wconf 88' lang='lat' dir='ltr'><strong>lesum</strong></span> <span class='ocrx_word' id='word_1_164' title='bbox 790 1783 995 1871; x_wconf 86' lang='lat' dir='ltr'><strong>Christum,</strong></span> <span class='ocrx_word' id='word_1_165' title='bbox 1034 1801 1070 1858; x_wconf 91' lang='lat' dir='ltr'><strong>et</strong></span> <span class='ocrx_word' id='word_1_166' title='bbox 1102 1809 1217 1856; x_wconf 91' lang='lat' dir='ltr'><strong>mores</strong></span> 
     </span>
     <span class='ocr_line' id='line_1_16' title="bbox 222 1887 1887 2022; baseline -0.015 -51"><span class='ocrx_word' id='word_1_167' title='bbox 222 1913 323 1971; x_wconf 87' lang='lat' dir='ltr'><strong>erant</strong></span> <span class='ocrx_word' id='word_1_168' title='bbox 340 1897 415 1966; x_wconf 89' lang='lat' dir='ltr'><strong>sine</strong></span> <span class='ocrx_word' id='word_1_169' title='bbox 433 1891 665 1984; x_wconf 89' lang='lat' dir='ltr'><strong>turpitudine.</strong></span> <span class='ocrx_word' id='word_1_170' title='bbox 708 1889 816 1977; x_wconf 89' lang='lat' dir='ltr'><strong>Quod</strong></span> <span class='ocrx_word' id='word_1_171' title='bbox 834 1902 951 1958; x_wconf 91' lang='lat' dir='ltr'><strong>autem</strong></span> <span class='ocrx_word' id='word_1_172' title='bbox 967 1889 1063 1958; x_wconf 90' lang='lat' dir='ltr'><strong>visus</strong></span> <span class='ocrx_word' id='word_1_173' title='bbox 1082 1901 1133 1960; x_wconf 88' lang='lat' dir='ltr'><strong>est</strong></span> <span class='ocrx_word' id='word_1_174' title='bbox 1149 1887 1217 1956; x_wconf 91' lang='lat' dir='ltr'><strong>mi·</strong></span> <span class='ocrx_word' id='word_1_175' title='bbox 1616 1930 1652 2015; x_wconf 78' lang='grc' dir='ltr'><strong><em>Ι</em></strong></span> <span class='ocrx_word' id='word_1_176' title='bbox 1711 1933 1789 2022; x_wconf 77' lang='lat' dir='ltr'><strong>S.</strong></span> <span class='ocrx_word' id='word_1_177' title='bbox 1848 1933 1887 2018; x_wconf 67' lang='lat' dir='ltr'><strong>l.</strong></span> 
     </span>
     <span class='ocr_line' id='line_1_17' title="bbox 221 1945 1925 2090; baseline -0.017 -17"><span class='ocrx_word' id='word_1_178' title='bbox 221 2026 290 2073; x_wconf 86' lang='lat' dir='ltr'><strong>nus</strong></span> <span class='ocrx_word' id='word_1_179' title='bbox 303 1999 521 2090; x_wconf 82' lang='lat' dir='ltr'><strong>obsequens,</strong></span> <span class='ocrx_word' id='word_1_180' title='bbox 537 1991 671 2062; x_wconf 78' lang='lat' dir='ltr'><strong>aetatis</strong></span> <span class='ocrx_word' id='word_1_181' title='bbox 686 2005 720 2061; x_wconf 88' lang='lat' dir='ltr'><strong>et</strong></span> <span class='ocrx_word' id='word_1_182' title='bbox 735 2005 881 2060; x_wconf 76' lang='lat' dir='ltr'><strong>craturae</strong></span> <span class='ocrx_word' id='word_1_183' title='bbox 895 1985 1103 2074; x_wconf 80' lang='lat' dir='ltr'><strong>haeserant,</strong></span> <span class='ocrx_word' id='word_1_184' title='bbox 1128 2012 1218 2082; x_wconf 88' lang='lat' dir='ltr'><strong>quae</strong></span> <span class='ocrx_word' id='word_1_185' title='bbox 1646 1961 1683 2018; x_wconf 87' lang='lat'><strong>⁰·</strong></span> <span class='ocrx_word' id='word_1_186' title='bbox 1748 1945 1846 2046; x_wconf 58' lang='lat' dir='ltr'><strong>nge</strong></span> <span class='ocrx_word' id='word_1_187' title='bbox 1868 1961 1925 2030; x_wconf 60' lang='lat' dir='ltr'><strong>m·</strong></span> 
     </span>
    </p>

    <p class='ocr_par' dir='ltr' id='par_1_5' title="bbox 223 2079 2263 3612">
     <span class='ocr_line' id='line_1_18' title="bbox 224 2079 2181 2190; baseline -0.013 -16"><span class='ocrx_word' id='word_1_188' title='bbox 224 2079 341 2175; x_wconf 77' lang='lat' dir='ltr'><strong>dedita</strong></span> <span class='ocrx_word' id='word_1_189' title='bbox 364 2097 510 2190; x_wconf 89' lang='lat' dir='ltr'><strong>poeticis</strong></span> <span class='ocrx_word' id='word_1_190' title='bbox 527 2095 672 2177; x_wconf 86' lang='lat' dir='ltr'><strong>studiis,</strong></span> <span class='ocrx_word' id='word_1_191' title='bbox 698 2094 841 2163; x_wconf 82' lang='lat' dir='ltr'><strong>nolebat</strong></span> <span class='ocrx_word' id='word_1_192' title='bbox 858 2087 942 2162; x_wconf 86' lang='lat' dir='ltr'><strong>haec</strong></span> <span class='ocrx_word' id='word_1_193' title='bbox 958 2090 1124 2182; x_wconf 85' lang='lat' dir='ltr'><strong>impediri</strong></span> <span class='ocrx_word' id='word_1_194' title='bbox 1141 2090 1220 2158; x_wconf 90' lang='lat' dir='ltr'><strong>aliis</strong></span> <span class='ocrx_word' id='word_1_195' title='bbox 1337 2089 1428 2150; x_wconf 75' lang='lat' dir='ltr'><strong>Dans.</strong></span> <span class='ocrx_word' id='word_1_196' title='bbox 1441 2105 1504 2162; x_wconf 85' lang='lat' dir='ltr'><strong>epp.</strong></span> <span class='ocrx_word' id='word_1_197' title='bbox 1515 2086 1549 2143; x_wconf 83' lang='lat' dir='ltr'><strong>ad</strong></span> <span class='ocrx_word' id='word_1_198' title='bbox 1562 2087 1657 2160; x_wconf 80' lang='lat' dir='ltr'><strong>stiget.</strong></span> <span class='ocrx_word' id='word_1_199' title='bbox 1672 2109 1714 2164; x_wconf 86' lang='lat' dir='ltr'><strong>ep.</strong></span> <span class='ocrx_word' id='word_1_200' title='bbox 1728 2092 1773 2147; x_wconf 74' lang='lat'><strong>47.</strong></span> <span class='ocrx_word' id='word_1_201' title='bbox 1808 2091 1878 2148; x_wconf 74' lang='lat' dir='ltr'><strong>(lod.</strong></span> <span class='ocrx_word' id='word_1_202' title='bbox 1890 2089 1976 2154; x_wconf 81' lang='lat' dir='ltr'><strong>Goth.</strong></span> <span class='ocrx_word' id='word_1_203' title='bbox 1990 2091 2054 2148; x_wconf 80' lang='lat' dir='ltr'><strong>tte.</strong></span> <span class='ocrx_word' id='word_1_204' title='bbox 2072 2111 2114 2166; x_wconf 87' lang='lat' dir='ltr'><strong>ep.</strong></span> <span class='ocrx_word' id='word_1_205' title='bbox 2129 2093 2181 2150; x_wconf 83' lang='lat' dir='ltr'><strong>tto.</strong></span> 
     </span>
     <span class='ocr_line' id='line_1_19' title="bbox 223 2187 1220 2295; baseline -0.019 -19"><span class='ocrx_word' id='word_1_206' title='bbox 223 2203 390 2295; x_wconf 82' lang='lat' dir='ltr'><strong>negociis.</strong></span> <span class='ocrx_word' id='word_1_207' title='bbox 441 2197 510 2269; x_wconf 87' lang='lat' dir='ltr'><strong>Sed</strong></span> <span class='ocrx_word' id='word_1_208' title='bbox 534 2191 621 2263; x_wconf 90' lang='lat' dir='ltr'><strong>mihi</strong></span> <span class='ocrx_word' id='word_1_209' title='bbox 639 2218 740 2285; x_wconf 88' lang='lat' dir='ltr'><strong>saepe</strong></span> <span class='ocrx_word' id='word_1_210' title='bbox 758 2193 865 2278; x_wconf 84' lang='lat' dir='ltr'><strong>dixit,</strong></span> <span class='ocrx_word' id='word_1_211' title='bbox 890 2217 926 2263; x_wconf 91' lang='lat' dir='ltr'><strong>se</strong></span> <span class='ocrx_word' id='word_1_212' title='bbox 942 2190 1018 2264; x_wconf 93' lang='lat' dir='ltr'><strong>Deo</strong></span> <span class='ocrx_word' id='word_1_213' title='bbox 1034 2192 1073 2260; x_wconf 92' lang='lat' dir='ltr'><strong>in</strong></span> <span class='ocrx_word' id='word_1_214' title='bbox 1089 2187 1220 2262; x_wconf 91' lang='lat' dir='ltr'><strong>scholis</strong></span> 
     </span>
     <span class='ocr_line' id='line_1_20' title="bbox 225 2290 1219 2385; baseline -0.018 -5"><span class='ocrx_word' id='word_1_215' title='bbox 225 2323 288 2380; x_wconf 89' lang='lat' dir='ltr'><strong>ant</strong></span> <span class='ocrx_word' id='word_1_216' title='bbox 308 2307 345 2374; x_wconf 90' lang='lat' dir='ltr'><strong>in</strong></span> <span class='ocrx_word' id='word_1_217' title='bbox 370 2298 567 2370; x_wconf 89' lang='lat' dir='ltr'><strong>ministerio</strong></span> <span class='ocrx_word' id='word_1_218' title='bbox 587 2293 770 2385; x_wconf 80' lang='lat' dir='ltr'><strong>Evangelii</strong></span> <span class='ocrx_word' id='word_1_219' title='bbox 793 2295 1006 2364; x_wconf 90' lang='lat' dir='ltr'><strong>serviturum</strong></span> <span class='ocrx_word' id='word_1_220' title='bbox 1034 2317 1119 2364; x_wconf 89' lang='lat' dir='ltr'><strong>esse.</strong></span> <span class='ocrx_word' id='word_1_221' title='bbox 1173 2290 1219 2363; x_wconf 89' lang='lat' dir='ltr'><strong>Et</strong></span> 
     </span>
     <span class='ocr_line' id='line_1_21' title="bbox 224 2391 1222 2494; baseline -0.02 -11"><span class='ocrx_word' id='word_1_222' title='bbox 224 2426 266 2484; x_wconf 93' lang='lat' dir='ltr'><strong>ut</strong></span> <span class='ocrx_word' id='word_1_223' title='bbox 280 2405 425 2488; x_wconf 89' lang='lat' dir='ltr'><strong>videtis,</strong></span> <span class='ocrx_word' id='word_1_224' title='bbox 450 2415 531 2494; x_wconf 90' lang='lat' dir='ltr'><strong>ante</strong></span> <span class='ocrx_word' id='word_1_225' title='bbox 543 2413 692 2468; x_wconf 90' lang='lat' dir='ltr'><strong>mortem</strong></span> <span class='ocrx_word' id='word_1_226' title='bbox 709 2412 743 2469; x_wconf 93' lang='lat' dir='ltr'><strong>et</strong></span> <span class='ocrx_word' id='word_1_227' title='bbox 759 2399 798 2466; x_wconf 91' lang='lat' dir='ltr'><strong>in</strong></span> <span class='ocrx_word' id='word_1_228' title='bbox 814 2391 962 2482; x_wconf 89' lang='lat' dir='ltr'><strong>scholis,</strong></span> <span class='ocrx_word' id='word_1_229' title='bbox 987 2410 1021 2467; x_wconf 93' lang='lat' dir='ltr'><strong>et</strong></span> <span class='ocrx_word' id='word_1_230' title='bbox 1042 2395 1081 2464; x_wconf 91' lang='lat' dir='ltr'><strong>in</strong></span> <span class='ocrx_word' id='word_1_231' title='bbox 1098 2391 1222 2465; x_wconf 88' lang='lat' dir='ltr'><strong>Eccle-</strong></span> 
     </span>
     <span class='ocr_line' id='line_1_22' title="bbox 227 2495 1222 2588; baseline -0.021 -5"><span class='ocrx_word' id='word_1_232' title='bbox 227 2516 278 2584; x_wconf 89' lang='lat' dir='ltr'><strong>sia</strong></span> <span class='ocrx_word' id='word_1_233' title='bbox 303 2505 436 2578; x_wconf 88' lang='lat' dir='ltr'><strong>doouit.</strong></span> <span class='ocrx_word' id='word_1_234' title='bbox 488 2499 628 2572; x_wconf 88' lang='lat' dir='ltr'><strong>Rursus</strong></span> <span class='ocrx_word' id='word_1_235' title='bbox 652 2498 761 2588; x_wconf 90' lang='lat' dir='ltr'><strong>igitur</strong></span> <span class='ocrx_word' id='word_1_236' title='bbox 781 2523 860 2568; x_wconf 91' lang='lat' dir='ltr'><strong>eum</strong></span> <span class='ocrx_word' id='word_1_237' title='bbox 883 2498 1160 2586; x_wconf 84' lang='lat' dir='ltr'><strong>complectemur</strong></span> <span class='ocrx_word' id='word_1_238' title='bbox 1184 2495 1222 2563; x_wconf 92' lang='lat' dir='ltr'><strong>in</strong></span> 
     </span>
     <span class='ocr_line' id='line_1_23' title="bbox 226 2595 1223 2698; baseline -0.02 -13"><span class='ocrx_word' id='word_1_239' title='bbox 226 2611 345 2695; x_wconf 89' lang='lat' dir='ltr'><strong>coelo,</strong></span> <span class='ocrx_word' id='word_1_240' title='bbox 375 2607 557 2698; x_wconf 88' lang='lat' dir='ltr'><strong>aliquanto</strong></span> <span class='ocrx_word' id='word_1_241' title='bbox 580 2613 673 2693; x_wconf 88' lang='lat' dir='ltr'><strong>post:</strong></span> <span class='ocrx_word' id='word_1_242' title='bbox 707 2619 740 2669; x_wconf 91' lang='lat' dir='ltr'><strong>ct</strong></span> <span class='ocrx_word' id='word_1_243' title='bbox 764 2600 838 2690; x_wconf 88' lang='lat' dir='ltr'><strong>ipse</strong></span> <span class='ocrx_word' id='word_1_244' title='bbox 863 2599 1018 2668; x_wconf 84' lang='lat' dir='ltr'><strong>vicissim</strong></span> <span class='ocrx_word' id='word_1_245' title='bbox 1042 2596 1109 2670; x_wconf 90' lang='lat' dir='ltr'><strong>tibi</strong></span> <span class='ocrx_word' id='word_1_246' title='bbox 1132 2595 1223 2689; x_wconf 90' lang='lat' dir='ltr'><strong>patri</strong></span> 
     </span>
     <span class='ocr_line' id='line_1_24' title="bbox 228 2685 2253 2808; baseline -0.005 -23"><span class='ocrx_word' id='word_1_247' title='bbox 228 2715 357 2808; x_wconf 80' lang='lat' dir='ltr'><strong>gratias</strong></span> <span class='ocrx_word' id='word_1_248' title='bbox 373 2721 472 2798; x_wconf 86' lang='lat' dir='ltr'><strong>aget,</strong></span> <span class='ocrx_word' id='word_1_249' title='bbox 501 2707 596 2796; x_wconf 91' lang='lat' dir='ltr'><strong>quod</strong></span> <span class='ocrx_word' id='word_1_250' title='bbox 613 2705 656 2772; x_wconf 92' lang='lat' dir='ltr'><strong>ad</strong></span> <span class='ocrx_word' id='word_1_251' title='bbox 676 2703 893 2792; x_wconf 85' lang='lat' dir='ltr'><strong>agnitionem</strong></span> <span class='ocrx_word' id='word_1_252' title='bbox 911 2714 946 2771; x_wconf 90' lang='lat' dir='ltr'><strong>et</strong></span> <span class='ocrx_word' id='word_1_253' title='bbox 962 2700 1223 2770; x_wconf 87' lang='lat' dir='ltr'><strong>invocationem</strong></span> <span class='ocrx_word' id='word_1_254' title='bbox 1276 2685 1414 2778; x_wconf 75' lang='lat' dir='ltr'><strong>Carisa.</strong></span> <span class='ocrx_word' id='word_1_255' title='bbox 1433 2704 1553 2776; x_wconf 85' lang='lat' dir='ltr'><strong>irater.</strong></span> <span class='ocrx_word' id='word_1_256' title='bbox 1611 2697 1689 2774; x_wconf 87' lang='lat' dir='ltr'><strong>Etsi</strong></span> <span class='ocrx_word' id='word_1_257' title='bbox 1717 2704 1918 2774; x_wconf 85' lang='lat' dir='ltr'><strong>felicissime</strong></span> <span class='ocrx_word' id='word_1_258' title='bbox 1938 2705 2069 2778; x_wconf 85' lang='lat' dir='ltr'><strong>llorere</strong></span> <span class='ocrx_word' id='word_1_259' title='bbox 2090 2707 2253 2778; x_wconf 85' lang='lat' dir='ltr'><strong>&#39;doctrinae</strong></span> 
     </span>
     <span class='ocr_line' id='line_1_25' title="bbox 228 2799 2256 2896; baseline -0.003 -9"><span class='ocrx_word' id='word_1_260' title='bbox 228 2817 304 2887; x_wconf 88' lang='lat' dir='ltr'><strong>veri</strong></span> <span class='ocrx_word' id='word_1_261' title='bbox 320 2812 407 2890; x_wconf 84' lang='lat' dir='ltr'><strong>Dei,</strong></span> <span class='ocrx_word' id='word_1_262' title='bbox 433 2822 591 2880; x_wconf 88' lang='lat' dir='ltr'><strong>teneram</strong></span> <span class='ocrx_word' id='word_1_263' title='bbox 608 2803 717 2896; x_wconf 91' lang='lat' dir='ltr'><strong>ipsius</strong></span> <span class='ocrx_word' id='word_1_264' title='bbox 733 2818 886 2874; x_wconf 90' lang='lat' dir='ltr'><strong>mentem</strong></span> <span class='ocrx_word' id='word_1_265' title='bbox 902 2802 1098 2874; x_wconf 80' lang='lat' dir='ltr'><strong>instituisti.</strong></span> <span class='ocrx_word' id='word_1_266' title='bbox 1147 2799 1225 2872; x_wconf 75' lang='lat' dir='ltr'><strong>Huc</strong></span> <span class='ocrx_word' id='word_1_267' title='bbox 1276 2807 1391 2877; x_wconf 91' lang='lat' dir='ltr'><strong>studia</strong></span> <span class='ocrx_word' id='word_1_268' title='bbox 1417 2803 1550 2896; x_wconf 90' lang='lat' dir='ltr'><strong>ubique</strong></span> <span class='ocrx_word' id='word_1_269' title='bbox 1574 2819 1677 2896; x_wconf 92' lang='lat' dir='ltr'><strong>opto,</strong></span> <span class='ocrx_word' id='word_1_270' title='bbox 1717 2819 1835 2876; x_wconf 91' lang='lat' dir='ltr'><strong>tamen</strong></span> <span class='ocrx_word' id='word_1_271' title='bbox 1858 2829 1933 2876; x_wconf 93' lang='lat' dir='ltr'><strong>non</strong></span> <span class='ocrx_word' id='word_1_272' title='bbox 1955 2800 2023 2878; x_wconf 90' lang='lat' dir='ltr'><strong>hoc</strong></span> <span class='ocrx_word' id='word_1_273' title='bbox 2047 2805 2141 2880; x_wconf 89' lang='lat' dir='ltr'><strong>mihi</strong></span> <span class='ocrx_word' id='word_1_274' title='bbox 2162 2833 2256 2892; x_wconf 87' lang='lat' dir='ltr'><strong>sumo.</strong></span> 
     </span>
     <span class='ocr_line' id='line_1_26' title="bbox 229 2897 2257 3013; baseline -0.015 -26"><span class='ocrx_word' id='word_1_275' title='bbox 229 2903 1085 3013; x_wconf 79' lang='lat' dir='ltr'><strong>spefuturaeconsuetudinisleniamusdolorem.</strong></span> <span class='ocrx_word' id='word_1_276' title='bbox 1109 2897 1226 2974; x_wconf 85' lang='lat' dir='ltr'><strong>Amisi</strong></span> <span class='ocrx_word' id='word_1_277' title='bbox 1276 2922 1317 2980; x_wconf 79' lang='lat' dir='ltr'><strong>ut</strong></span> <span class='ocrx_word' id='word_1_278' title='bbox 1347 2905 1598 2978; x_wconf 72' lang='lat' dir='ltr'><strong>deliberationi</strong></span> <span class='ocrx_word' id='word_1_279' title='bbox 1627 2920 1761 2976; x_wconf 64' lang='lat' dir='ltr'><strong>vestrae</strong></span> <span class='ocrx_word' id='word_1_280' title='bbox 1786 2909 1830 2978; x_wconf 67' lang='lat' dir='ltr'><strong>de</strong></span> <span class='ocrx_word' id='word_1_281' title='bbox 1851 2909 1995 2980; x_wconf 60' lang='lat' dir='ltr'><strong>doctore</strong></span> <span class='ocrx_word' id='word_1_282' title='bbox 2016 2907 2257 2982; x_wconf 57' lang='lat' dir='ltr'><strong>Maphemamm</strong></span> 
     </span>
     <span class='ocr_line' id='line_1_27' title="bbox 231 3005 2259 3108; baseline -0.004 -19"><span class='ocrx_word' id='word_1_283' title='bbox 231 3036 265 3092; x_wconf 90' lang='lat' dir='ltr'><strong>et</strong></span> <span class='ocrx_word' id='word_1_284' title='bbox 280 3041 343 3108; x_wconf 86' lang='lat' dir='ltr'><strong>ego</strong></span> <span class='ocrx_word' id='word_1_285' title='bbox 358 3009 427 3084; x_wconf 90' lang='lat' dir='ltr'><strong>hoc</strong></span> <span class='ocrx_word' id='word_1_286' title='bbox 440 3033 536 3080; x_wconf 91' lang='lat' dir='ltr'><strong>anno</strong></span> <span class='ocrx_word' id='word_1_287' title='bbox 552 3009 682 3080; x_wconf 90' lang='lat' dir='ltr'><strong>amicos</strong></span> <span class='ocrx_word' id='word_1_288' title='bbox 695 3008 842 3101; x_wconf 86' lang='lat' dir='ltr'><strong>aliquot,</strong></span> <span class='ocrx_word' id='word_1_289' title='bbox 864 3005 1115 3096; x_wconf 91' lang='lat' dir='ltr'><strong>etdiscipulos,</strong></span> <span class='ocrx_word' id='word_1_290' title='bbox 1137 3029 1227 3098; x_wconf 87' lang='lat' dir='ltr'><strong>quo·</strong></span> <span class='ocrx_word' id='word_1_291' title='bbox 1277 3033 1334 3078; x_wconf 89' lang='lat' dir='ltr'><strong>me</strong></span> <span class='ocrx_word' id='word_1_292' title='bbox 1356 3009 1525 3098; x_wconf 77' lang='lat' dir='ltr'><strong>ingeram.</strong></span> <span class='ocrx_word' id='word_1_293' title='bbox 1577 3005 1647 3078; x_wconf 86' lang='lat' dir='ltr'><strong>Sed</strong></span> <span class='ocrx_word' id='word_1_294' title='bbox 1671 3033 1751 3078; x_wconf 90' lang='lat' dir='ltr'><strong>cum</strong></span> <span class='ocrx_word' id='word_1_295' title='bbox 1772 3022 1875 3080; x_wconf 91' lang='lat' dir='ltr'><strong>autea</strong></span> <span class='ocrx_word' id='word_1_296' title='bbox 1895 3013 1939 3080; x_wconf 86' lang='lat' dir='ltr'><strong>ad</strong></span> <span class='ocrx_word' id='word_1_297' title='bbox 1963 3023 1997 3080; x_wconf 94' lang='lat' dir='ltr'><strong>te</strong></span> <span class='ocrx_word' id='word_1_298' title='bbox 2019 3012 2066 3082; x_wconf 91' lang='lat' dir='ltr'><strong>de</strong></span> <span class='ocrx_word' id='word_1_299' title='bbox 2083 3005 2259 3084; x_wconf 78' lang='lat' dir='ltr'><strong>Miclsoc&#39;ls</strong></span> 
     </span>
     <span class='ocr_line' id='line_1_28' title="bbox 232 3103 2253 3200; baseline -0.007 -6"><span class='ocrx_word' id='word_1_300' title='bbox 232 3147 311 3194; x_wconf 90' lang='lat' dir='ltr'><strong>rum</strong></span> <span class='ocrx_word' id='word_1_301' title='bbox 327 3116 396 3186; x_wconf 87' lang='lat' dir='ltr'><strong>luit</strong></span> <span class='ocrx_word' id='word_1_302' title='bbox 410 3112 581 3182; x_wconf 87' lang='lat' dir='ltr'><strong>excellens</strong></span> <span class='ocrx_word' id='word_1_303' title='bbox 594 3111 716 3179; x_wconf 87' lang='lat' dir='ltr'><strong>virtus.</strong></span> <span class='ocrx_word' id='word_1_304' title='bbox 768 3108 1028 3199; x_wconf 87' lang='lat' dir='ltr'><strong>Necdisputatc</strong></span> <span class='ocrx_word' id='word_1_305' title='bbox 1042 3106 1226 3177; x_wconf 85' lang='lat' dir='ltr'><strong>vobiscum</strong></span> <span class='ocrx_word' id='word_1_306' title='bbox 1278 3103 1461 3184; x_wconf 80' lang='lat' dir='ltr'><strong>Neandro</strong></span> <span class='ocrx_word' id='word_1_307' title='bbox 1482 3109 1702 3200; x_wconf 87' lang='lat' dir='ltr'><strong>scripserim,</strong></span> <span class='ocrx_word' id='word_1_308' title='bbox 1731 3123 1764 3178; x_wconf 87' lang='lat' dir='ltr'><strong>et</strong></span> <span class='ocrx_word' id='word_1_309' title='bbox 1791 3105 1849 3180; x_wconf 89' lang='lat' dir='ltr'><strong>hic</strong></span> <span class='ocrx_word' id='word_1_310' title='bbox 1872 3111 1943 3180; x_wconf 90' lang='lat' dir='ltr'><strong>iam</strong></span> <span class='ocrx_word' id='word_1_311' title='bbox 1968 3112 2005 3182; x_wconf 92' lang='lat' dir='ltr'><strong>in</strong></span> <span class='ocrx_word' id='word_1_312' title='bbox 2020 3110 2253 3186; x_wconf 83' lang='lat' dir='ltr'><strong>Prussiarnao-</strong></span> 
     </span>
     <span class='ocr_line' id='line_1_29' title="bbox 232 3205 2258 3305; baseline -0.006 -12"><span class='ocrx_word' id='word_1_313' title='bbox 232 3228 274 3294; x_wconf 92' lang='lat' dir='ltr'><strong>de</strong></span> <span class='ocrx_word' id='word_1_314' title='bbox 290 3213 566 3290; x_wconf 88' lang='lat' dir='ltr'><strong>commoratione</strong></span> <span class='ocrx_word' id='word_1_315' title='bbox 582 3211 664 3298; x_wconf 90' lang='lat' dir='ltr'><strong>lilii,</strong></span> <span class='ocrx_word' id='word_1_316' title='bbox 691 3235 771 3280; x_wconf 79' lang='lat' dir='ltr'><strong>ctam</strong></span> <span class='ocrx_word' id='word_1_317' title='bbox 791 3211 960 3280; x_wconf 90' lang='lat' dir='ltr'><strong>manserit</strong></span> <span class='ocrx_word' id='word_1_318' title='bbox 979 3223 1016 3278; x_wconf 94' lang='lat' dir='ltr'><strong>ut</strong></span> <span class='ocrx_word' id='word_1_319' title='bbox 1034 3205 1227 3278; x_wconf 89' lang='lat' dir='ltr'><strong>Ecclesiam</strong></span> <span class='ocrx_word' id='word_1_320' title='bbox 1279 3211 1425 3284; x_wconf 80' lang='lat' dir='ltr'><strong>censitus</strong></span> <span class='ocrx_word' id='word_1_321' title='bbox 1447 3211 1509 3295; x_wconf 91' lang='lat' dir='ltr'><strong>sit,</strong></span> <span class='ocrx_word' id='word_1_322' title='bbox 1539 3211 1695 3282; x_wconf 87' lang='lat' dir='ltr'><strong>decrevit</strong></span> <span class='ocrx_word' id='word_1_323' title='bbox 1717 3213 1760 3282; x_wconf 92' lang='lat' dir='ltr'><strong>ad</strong></span> <span class='ocrx_word' id='word_1_324' title='bbox 1783 3235 1846 3282; x_wconf 91' lang='lat' dir='ltr'><strong>vos</strong></span> <span class='ocrx_word' id='word_1_325' title='bbox 1865 3214 2060 3305; x_wconf 87' lang='lat' dir='ltr'><strong>proficisci,</strong></span> <span class='ocrx_word' id='word_1_326' title='bbox 2093 3231 2134 3289; x_wconf 88' lang='lat' dir='ltr'><strong>ut</strong></span> <span class='ocrx_word' id='word_1_327' title='bbox 2148 3216 2258 3299; x_wconf 87' lang='lat' dir='ltr'><strong>audiat,</strong></span> 
     </span>
     <span class='ocr_line' id='line_1_30' title="bbox 232 3309 2260 3410; baseline -0.008 -15"><span class='ocrx_word' id='word_1_328' title='bbox 232 3327 406 3398; x_wconf 89' lang='lat' dir='ltr'><strong>desertam</strong></span> <span class='ocrx_word' id='word_1_329' title='bbox 437 3318 594 3386; x_wconf 87' lang='lat' dir='ltr'><strong>doceret:</strong></span> <span class='ocrx_word' id='word_1_330' title='bbox 634 3336 813 3382; x_wconf 90' lang='lat' dir='ltr'><strong>manerem</strong></span> <span class='ocrx_word' id='word_1_331' title='bbox 841 3311 974 3402; x_wconf 89' lang='lat' dir='ltr'><strong>etipse</strong></span> <span class='ocrx_word' id='word_1_332' title='bbox 1001 3310 1062 3381; x_wconf 87' lang='lat' dir='ltr'><strong>tali</strong></span> <span class='ocrx_word' id='word_1_333' title='bbox 1089 3311 1167 3380; x_wconf 87' lang='lat' dir='ltr'><strong>loeo</strong></span> <span class='ocrx_word' id='word_1_334' title='bbox 1195 3322 1227 3378; x_wconf 90' lang='lat' dir='ltr'><strong>et</strong></span> <span class='ocrx_word' id='word_1_335' title='bbox 1280 3313 1342 3409; x_wconf 88' lang='lat' dir='ltr'><strong>qui</strong></span> <span class='ocrx_word' id='word_1_336' title='bbox 1365 3312 1438 3404; x_wconf 89' lang='lat' dir='ltr'><strong>spei</strong></span> <span class='ocrx_word' id='word_1_337' title='bbox 1454 3312 1510 3386; x_wconf 93' lang='lat' dir='ltr'><strong>sit.</strong></span> <span class='ocrx_word' id='word_1_338' title='bbox 1560 3309 1690 3383; x_wconf 89' lang='lat' dir='ltr'><strong>Mallet</strong></span> <span class='ocrx_word' id='word_1_339' title='bbox 1713 3314 1913 3400; x_wconf 89' lang='lat' dir='ltr'><strong>vobiscum,</strong></span> <span class='ocrx_word' id='word_1_340' title='bbox 1938 3318 2139 3410; x_wconf 79' lang='lat' dir='ltr'><strong>etquidem</strong></span> <span class='ocrx_word' id='word_1_341' title='bbox 2164 3333 2260 3390; x_wconf 74' lang='lat' dir='ltr'><strong>tecum</strong></span> 
     </span>
     <span class='ocr_line' id='line_1_31' title="bbox 232 3405 2261 3516; baseline -0.009 -16"><span class='ocrx_word' id='word_1_342' title='bbox 232 3445 400 3516; x_wconf 88' lang='lat' dir='ltr'><strong>tempore.</strong></span> <span class='ocrx_word' id='word_1_343' title='bbox 452 3415 494 3487; x_wconf 93' lang='lat' dir='ltr'><strong>ln</strong></span> <span class='ocrx_word' id='word_1_344' title='bbox 512 3405 731 3486; x_wconf 76' lang='lat' dir='ltr'><strong>Abrahamo</strong></span> <span class='ocrx_word' id='word_1_345' title='bbox 744 3415 884 3482; x_wconf 89' lang='lat' dir='ltr'><strong>videtur</strong></span> <span class='ocrx_word' id='word_1_346' title='bbox 899 3409 989 3482; x_wconf 92' lang='lat' dir='ltr'><strong>mihi</strong></span> <span class='ocrx_word' id='word_1_347' title='bbox 1006 3412 1144 3480; x_wconf 89' lang='lat' dir='ltr'><strong>indoles</strong></span> <span class='ocrx_word' id='word_1_348' title='bbox 1161 3409 1227 3478; x_wconf 91' lang='lat' dir='ltr'><strong>mi·</strong></span> <span class='ocrx_word' id='word_1_349' title='bbox 1283 3417 1419 3498; x_wconf 86' lang='lat' dir='ltr'><strong>vivere,</strong></span> <span class='ocrx_word' id='word_1_350' title='bbox 1446 3415 1501 3483; x_wconf 88' lang='lat' dir='ltr'><strong>vel</strong></span> <span class='ocrx_word' id='word_1_351' title='bbox 1514 3413 1612 3484; x_wconf 92' lang='lat' dir='ltr'><strong>tenui</strong></span> <span class='ocrx_word' id='word_1_352' title='bbox 1630 3414 1826 3506; x_wconf 89' lang='lat' dir='ltr'><strong>stipendio,</strong></span> <span class='ocrx_word' id='word_1_353' title='bbox 1851 3441 1957 3511; x_wconf 92' lang='lat' dir='ltr'><strong>quam</strong></span> <span class='ocrx_word' id='word_1_354' title='bbox 1979 3422 2077 3509; x_wconf 91' lang='lat' dir='ltr'><strong>apud</strong></span> <span class='ocrx_word' id='word_1_355' title='bbox 2092 3418 2261 3515; x_wconf 75' lang='lat' dir='ltr'><strong>Hyperbo-</strong></span> 
     </span>
     <span class='ocr_line' id='line_1_32' title="bbox 234 3509 2263 3612; baseline -0.005 -12"><span class='ocrx_word' id='word_1_356' title='bbox 234 3529 304 3600; x_wconf 90' lang='lat' dir='ltr'><strong>tior</strong></span> <span class='ocrx_word' id='word_1_357' title='bbox 323 3547 411 3594; x_wconf 88' lang='lat' dir='ltr'><strong>esse:</strong></span> <span class='ocrx_word' id='word_1_358' title='bbox 445 3513 542 3588; x_wconf 88' lang='lat' dir='ltr'><strong>hunc</strong></span> <span class='ocrx_word' id='word_1_359' title='bbox 565 3529 685 3586; x_wconf 88' lang='lat' dir='ltr'><strong>curate</strong></span> <span class='ocrx_word' id='word_1_360' title='bbox 708 3516 744 3584; x_wconf 91' lang='lat' dir='ltr'><strong>in</strong></span> <span class='ocrx_word' id='word_1_361' title='bbox 768 3515 896 3585; x_wconf 91' lang='lat' dir='ltr'><strong>studiis</strong></span> <span class='ocrx_word' id='word_1_362' title='bbox 919 3509 1173 3604; x_wconf 85' lang='lat' dir='ltr'><strong>philosophicis</strong></span> <span class='ocrx_word' id='word_1_363' title='bbox 1197 3525 1230 3581; x_wconf 90' lang='lat' dir='ltr'><strong>et</strong></span> <span class='ocrx_word' id='word_1_364' title='bbox 1280 3540 1359 3612; x_wconf 80' lang='lat' dir='ltr'><strong>reos</strong></span> <span class='ocrx_word' id='word_1_365' title='bbox 1382 3517 1484 3601; x_wconf 93' lang='lat' dir='ltr'><strong>illos,</strong></span> <span class='ocrx_word' id='word_1_366' title='bbox 1524 3515 1586 3586; x_wconf 93' lang='lat' dir='ltr'><strong>ubi</strong></span> <span class='ocrx_word' id='word_1_367' title='bbox 1608 3539 1672 3586; x_wconf 91' lang='lat' dir='ltr'><strong>nec</strong></span> <span class='ocrx_word' id='word_1_368' title='bbox 1692 3518 1855 3604; x_wconf 89' lang='lat' dir='ltr'><strong>morbos,</strong></span> <span class='ocrx_word' id='word_1_369' title='bbox 1892 3542 1957 3590; x_wconf 89' lang='lat' dir='ltr'><strong>nec</strong></span> <span class='ocrx_word' id='word_1_370' title='bbox 1978 3542 2169 3594; x_wconf 86' lang='lat' dir='ltr'><strong>aerumnas</strong></span> <span class='ocrx_word' id='word_1_371' title='bbox 2188 3521 2263 3592; x_wconf 87' lang='lat' dir='ltr'><strong>ullas</strong></span> 
     </span>
    </p>
   </div>
   <div class='ocr_carea' id='block_1_3' title="bbox 1272 2241 2251 2628">
    <p class='ocr_par' dir='ltr' id='par_1_6' title="bbox 1272 2241 2249 2366">
     <span class='ocr_line' id='line_1_33' title="bbox 1272 2241 2249 2366; baseline -0.001 -45"><span class='ocrx_word' id='word_1_372' title='bbox 1272 2241 1497 2321; x_wconf 84' lang='lat' dir='ltr'><strong>Clarissimo</strong></span> <span class='ocrx_word' id='word_1_373' title='bbox 1514 2246 1607 2330; x_wconf 83' lang='lat' dir='ltr'><strong>viro,</strong></span> <span class='ocrx_word' id='word_1_374' title='bbox 1625 2243 1812 2366; x_wconf 75' lang='lat' dir='ltr'><strong>solicitata</strong></span> <span class='ocrx_word' id='word_1_375' title='bbox 1834 2247 1995 2344; x_wconf 77' lang='lat' dir='ltr'><strong>ingenii,</strong></span> <span class='ocrx_word' id='word_1_376' title='bbox 2022 2247 2249 2322; x_wconf 75' lang='lat' dir='ltr'><strong>eruditioneet</strong></span> 
     </span>
    </p>

    <p class='ocr_par' dir='ltr' id='par_1_7' title="bbox 1274 2347 2249 2448">
     <span class='ocr_line' id='line_1_34' title="bbox 1274 2347 2249 2448; baseline 0.007 -31"><span class='ocrx_word' id='word_1_377' title='bbox 1274 2350 1402 2420; x_wconf 78' lang='lat' dir='ltr'><strong>virtute</strong></span> <span class='ocrx_word' id='word_1_378' title='bbox 1423 2357 1650 2446; x_wconf 77' lang='lat' dir='ltr'><strong>praestante,</strong></span> <span class='ocrx_word' id='word_1_379' title='bbox 1682 2347 1736 2424; x_wconf 92' lang='lat' dir='ltr'><strong>D.</strong></span> <span class='ocrx_word' id='word_1_380' title='bbox 1763 2349 1945 2422; x_wconf 85' lang='lat' dir='ltr'><strong>Ioanni</strong></span> <span class='ocrx_word' id='word_1_381' title='bbox 1966 2347 2188 2448; x_wconf 76' lang='lat' dir='ltr'><strong>Stigclio,</strong></span> <span class='ocrx_word' id='word_1_382' title='bbox 2208 2356 2249 2448; x_wconf 79' lang='grc' dir='ltr'><strong>τῷ</strong></span> 
     </span>
    </p>

    <p class='ocr_par' dir='ltr' id='par_1_8' title="bbox 1276 2446 2251 2628">
     <span class='ocr_line' id='line_1_35' title="bbox 1276 2446 2251 2628; baseline -0.001 -104"><span class='ocrx_word' id='word_1_383' title='bbox 1276 2453 1374 2548; x_wconf 77' lang='grc' dir='ltr'><strong>Θεῷ,</strong></span> <span class='ocrx_word' id='word_1_384' title='bbox 1414 2447 1479 2524; x_wconf 74' lang='grc' dir='ltr'><strong>καὶ</strong></span> <span class='ocrx_word' id='word_1_385' title='bbox 1509 2453 1592 2533; x_wconf 86' lang='grc' dir='ltr'><em>ταῖς</em></span> <span class='ocrx_word' id='word_1_386' title='bbox 1615 2446 2014 2628; x_wconf 54' lang='grc' dir='ltr'><em>Μούᾳαιςεφεὲτᾶτῳ,</em></span> <span class='ocrx_word' id='word_1_387' title='bbox 2047 2453 2174 2555; x_wconf 81' lang='lat' dir='ltr'><strong>fratri</strong></span> <span class='ocrx_word' id='word_1_388' title='bbox 2199 2477 2251 2526; x_wconf 86' lang='lat' dir='ltr'><strong>suo</strong></span> 
     </span>
     <span class='ocr_line' id='line_1_36' title="bbox 1647 2577 1901 2626; baseline 0.012 -4"><span class='ocrx_word' id='word_1_389' title='bbox 1647 2577 1775 2624; x_wconf 82' lang='lat' dir='ltr'><strong>conss.</strong></span> <span class='ocrx_word' id='word_1_390' title='bbox 1830 2605 1839 2626; x_wconf 94' lang='lat'><strong>.</strong></span> <span class='ocrx_word' id='word_1_391' title='bbox 1892 2606 1901 2625; x_wconf 91' lang='lat'><strong>.</strong></span> 
     </span>
    </p>
   </div>
   <div class='ocr_carea' id='block_1_4' title="bbox 234 3615 2267 4006">
    <p class='ocr_par' dir='ltr' id='par_1_9' title="bbox 234 3615 2267 4006">
     <span class='ocr_line' id='line_1_37' title="bbox 234 3615 2263 3716; baseline -0 -19"><span class='ocrx_word' id='word_1_392' title='bbox 234 3625 393 3702; x_wconf 87' lang='lat' dir='ltr'><strong>doctrina</strong></span> <span class='ocrx_word' id='word_1_393' title='bbox 419 3617 595 3692; x_wconf 86' lang='lat' dir='ltr'><strong>Ecclesiae</strong></span> <span class='ocrx_word' id='word_1_394' title='bbox 625 3617 758 3686; x_wconf 88' lang='lat' dir='ltr'><strong>diutins</strong></span> <span class='ocrx_word' id='word_1_395' title='bbox 786 3615 953 3685; x_wconf 83' lang='lat' dir='ltr'><strong>exerceri:</strong></span> <span class='ocrx_word' id='word_1_396' title='bbox 993 3639 1098 3709; x_wconf 86' lang='lat' dir='ltr'><strong>quem</strong></span> <span class='ocrx_word' id='word_1_397' title='bbox 1127 3638 1229 3704; x_wconf 89' lang='lat' dir='ltr'><strong>spero</strong></span> <span class='ocrx_word' id='word_1_398' title='bbox 1282 3643 1374 3699; x_wconf 88' lang='lat' dir='ltr'><strong>esse,</strong></span> <span class='ocrx_word' id='word_1_399' title='bbox 1399 3617 1723 3688; x_wconf 86' lang='lat' dir='ltr'><strong>vetustassahulata</strong></span> <span class='ocrx_word' id='word_1_400' title='bbox 1739 3631 1801 3694; x_wconf 92' lang='lat' dir='ltr'><strong>est.</strong></span> <span class='ocrx_word' id='word_1_401' title='bbox 1850 3617 1978 3692; x_wconf 86' lang='lat' dir='ltr'><strong>Latine</strong></span> <span class='ocrx_word' id='word_1_402' title='bbox 1992 3636 2028 3694; x_wconf 87' lang='lat' dir='ltr'><strong>et</strong></span> <span class='ocrx_word' id='word_1_403' title='bbox 2042 3645 2166 3713; x_wconf 85' lang='lat' dir='ltr'><strong>graece</strong></span> <span class='ocrx_word' id='word_1_404' title='bbox 2178 3646 2263 3716; x_wconf 78' lang='lat' dir='ltr'><strong>pras·</strong></span> 
     </span>
     <span class='ocr_line' id='line_1_38' title="bbox 235 3711 2265 3818; baseline -0.002 -18"><span class='ocrx_word' id='word_1_405' title='bbox 235 3730 337 3800; x_wconf 85' lang='lat' dir='ltr'><strong>vobis</strong></span> <span class='ocrx_word' id='word_1_406' title='bbox 353 3721 543 3814; x_wconf 83' lang='lat' dir='ltr'><strong>voluptati,</strong></span> <span class='ocrx_word' id='word_1_407' title='bbox 577 3735 609 3789; x_wconf 93' lang='lat' dir='ltr'><strong>et</strong></span> <span class='ocrx_word' id='word_1_408' title='bbox 624 3717 803 3791; x_wconf 87' lang='lat' dir='ltr'><strong>Ecclesiae</strong></span> <span class='ocrx_word' id='word_1_409' title='bbox 818 3718 897 3787; x_wconf 91' lang='lat' dir='ltr'><strong>usui</strong></span> <span class='ocrx_word' id='word_1_410' title='bbox 914 3719 1001 3790; x_wconf 88' lang='lat' dir='ltr'><strong>fore.</strong></span> <span class='ocrx_word' id='word_1_411' title='bbox 1052 3711 1101 3787; x_wconf 88' lang='lat' dir='ltr'><strong>Et</strong></span> <span class='ocrx_word' id='word_1_412' title='bbox 1118 3717 1229 3785; x_wconf 88' lang='lat' dir='ltr'><strong>tilium</strong></span> <span class='ocrx_word' id='word_1_413' title='bbox 1283 3722 1375 3790; x_wconf 87' lang='lat' dir='ltr'><strong>clare</strong></span> <span class='ocrx_word' id='word_1_414' title='bbox 1397 3720 1522 3788; x_wconf 87' lang='lat' dir='ltr'><strong>doctus</strong></span> <span class='ocrx_word' id='word_1_415' title='bbox 1540 3715 2265 3818; x_wconf 62' lang='lat' dir='ltr'><strong>est,1etMathematarectedocerepote·</strong></span> 
     </span>
     <span class='ocr_line' id='line_1_39' title="bbox 234 3817 2265 3914; baseline 0.007 -14"><span class='ocrx_word' id='word_1_416' title='bbox 234 3831 301 3904; x_wconf 88' lang='lat' dir='ltr'><strong>Dei</strong></span> <span class='ocrx_word' id='word_1_417' title='bbox 325 3851 409 3912; x_wconf 88' lang='lat' dir='ltr'><strong>oro,</strong></span> <span class='ocrx_word' id='word_1_418' title='bbox 442 3837 482 3894; x_wconf 90' lang='lat' dir='ltr'><strong>ut</strong></span> <span class='ocrx_word' id='word_1_419' title='bbox 506 3823 622 3914; x_wconf 90' lang='lat' dir='ltr'><strong>ipsum</strong></span> <span class='ocrx_word' id='word_1_420' title='bbox 649 3833 812 3890; x_wconf 90' lang='lat' dir='ltr'><strong>ettotam</strong></span> <span class='ocrx_word' id='word_1_421' title='bbox 835 3832 985 3890; x_wconf 90' lang='lat' dir='ltr'><strong>vestram</strong></span> <span class='ocrx_word' id='word_1_422' title='bbox 1002 3817 1229 3890; x_wconf 90' lang='lat' dir='ltr'><strong>domesticam</strong></span> <span class='ocrx_word' id='word_1_423' title='bbox 1285 3821 1348 3906; x_wconf 91' lang='lat' dir='ltr'><strong>rit,</strong></span> <span class='ocrx_word' id='word_1_424' title='bbox 1374 3823 1486 3914; x_wconf 76' lang='lat' dir='ltr'><strong>eoque</strong></span> <span class='ocrx_word' id='word_1_425' title='bbox 1506 3819 1544 3889; x_wconf 73' lang='lat' dir='ltr'><strong>in</strong></span> <span class='ocrx_word' id='word_1_426' title='bbox 1568 3843 1714 3910; x_wconf 69' lang='lat' dir='ltr'><strong>genere,</strong></span> <span class='ocrx_word' id='word_1_427' title='bbox 1740 3845 1861 3914; x_wconf 66' lang='lat' dir='ltr'><strong>Spero,</strong></span> <span class='ocrx_word' id='word_1_428' title='bbox 1886 3825 2055 3895; x_wconf 58' lang='lat' dir='ltr'><strong>arllfioem</strong></span> <span class='ocrx_word' id='word_1_429' title='bbox 2077 3827 2173 3912; x_wconf 73' lang='lat' dir='ltr'><strong>s⁰r⁰2</strong></span> <span class='ocrx_word' id='word_1_430' title='bbox 2196 3825 2265 3895; x_wconf 66' lang='lat' dir='ltr'><strong>‘ill</strong></span> 
     </span>
     <span class='ocr_line' id='line_1_40' title="bbox 235 3919 2267 4006; baseline 0.015 -41"><span class='ocrx_word' id='word_1_431' title='bbox 235 3929 429 4006; x_wconf 58' lang='lat' dir='ltr'><strong>Ecclesiam</strong></span> <span class='ocrx_word' id='word_1_432' title='bbox 445 3937 559 3994; x_wconf 58' lang='lat' dir='ltr'><strong>,emp</strong></span> <span class='ocrx_word' id='word_1_433' title='bbox 575 3923 801 3993; x_wconf 63' lang='lat' dir='ltr'><strong>incolumem.</strong></span> <span class='ocrx_word' id='word_1_434' title='bbox 1286 3919 1485 4000; x_wconf 81' lang='lat' dir='ltr'><strong>Academiir</strong></span> <span class='ocrx_word' id='word_1_435' title='bbox 1501 3921 1679 3994; x_wconf 90' lang='lat' dir='ltr'><strong>manserit.</strong></span> <span class='ocrx_word' id='word_1_436' title='bbox 1730 3922 2000 3996; x_wconf 88' lang='lat' dir='ltr'><strong>Consulendum</strong></span> <span class='ocrx_word' id='word_1_437' title='bbox 2016 3939 2069 3999; x_wconf 82' lang='lat' dir='ltr'><strong>ert</strong></span> <span class='ocrx_word' id='word_1_438' title='bbox 2085 3943 2200 4002; x_wconf 87' lang='lat' dir='ltr'><strong>autem</strong></span> <span class='ocrx_word' id='word_1_439' title='bbox 2213 3921 2267 3996; x_wconf 85' lang='lat' dir='ltr'><strong>hac</strong></span> 
     </span>
    </p>
   </div>
   <div class='ocr_carea' id='block_1_5' title="bbox 1284 4021 2270 4836">
    <p class='ocr_par' dir='ltr' id='par_1_10' title="bbox 1284 4021 2270 4836">
     <span class='ocr_line' id='line_1_41' title="bbox 1284 4021 2267 4116; baseline 0.005 -23"><span class='ocrx_word' id='word_1_440' title='bbox 1284 4025 1321 4093; x_wconf 92' lang='lat' dir='ltr'><strong>in</strong></span> <span class='ocrx_word' id='word_1_441' title='bbox 1348 4049 1385 4094; x_wconf 89' lang='lat' dir='ltr'><strong>re</strong></span> <span class='ocrx_word' id='word_1_442' title='bbox 1410 4037 1445 4094; x_wconf 88' lang='lat' dir='ltr'><strong>et</strong></span> <span class='ocrx_word' id='word_1_443' title='bbox 1466 4023 1674 4116; x_wconf 89' lang='lat' dir='ltr'><strong>posteritati.</strong></span> <span class='ocrx_word' id='word_1_444' title='bbox 1725 4021 1799 4095; x_wconf 85' lang='lat' dir='ltr'><strong>Nec</strong></span> <span class='ocrx_word' id='word_1_445' title='bbox 1820 4025 1972 4098; x_wconf 88' lang='lat' dir='ltr'><strong>dubium</strong></span> <span class='ocrx_word' id='word_1_446' title='bbox 1997 4039 2050 4100; x_wconf 87' lang='lat' dir='ltr'><strong>cst</strong></span> <span class='ocrx_word' id='word_1_447' title='bbox 2076 4023 2175 4100; x_wconf 89' lang='lat' dir='ltr'><strong>hunc</strong></span> <span class='ocrx_word' id='word_1_448' title='bbox 2194 4023 2267 4102; x_wconf 87' lang='lat' dir='ltr'><strong>Mi·</strong></span> 
     </span>
     <span class='ocr_line' id='line_1_42' title="bbox 1286 4118 2267 4227; baseline 0.006 -31"><span class='ocrx_word' id='word_1_449' title='bbox 1286 4118 1449 4196; x_wconf 71' lang='lat' dir='ltr'><strong>ciuilem</strong></span> <span class='ocrx_word' id='word_1_450' title='bbox 1468 4126 1677 4196; x_wconf 89' lang='lat' dir='ltr'><strong>antecellere</strong></span> <span class='ocrx_word' id='word_1_451' title='bbox 1690 4119 1980 4217; x_wconf 81' lang='lat' dir='ltr'><strong>Argentoratensi</strong></span> <span class='ocrx_word' id='word_1_452' title='bbox 1997 4129 2073 4218; x_wconf 91' lang='lat' dir='ltr'><strong>illi,</strong></span> <span class='ocrx_word' id='word_1_453' title='bbox 2107 4133 2171 4227; x_wconf 84' lang='lat' dir='ltr'><strong>qui</strong></span> <span class='ocrx_word' id='word_1_454' title='bbox 2184 4153 2267 4204; x_wconf 83' lang='lat' dir='ltr'><strong>suam</strong></span> 
     </span>
     <span class='ocr_line' id='line_1_43' title="bbox 1285 4227 2269 4325; baseline 0.004 -27"><span class='ocrx_word' id='word_1_455' title='bbox 1285 4251 1430 4320; x_wconf 90' lang='lat' dir='ltr'><strong>operam</strong></span> <span class='ocrx_word' id='word_1_456' title='bbox 1458 4239 1558 4296; x_wconf 91' lang='lat' dir='ltr'><strong>antea</strong></span> <span class='ocrx_word' id='word_1_457' title='bbox 1580 4227 1682 4297; x_wconf 89' lang='lat' dir='ltr'><strong>vobis</strong></span> <span class='ocrx_word' id='word_1_458' title='bbox 1704 4229 1846 4303; x_wconf 88' lang='lat' dir='ltr'><strong>obtulit.</strong></span> <span class='ocrx_word' id='word_1_459' title='bbox 1917 4231 2059 4320; x_wconf 84' lang='lat' dir='ltr'><strong>Quaeso</strong></span> <span class='ocrx_word' id='word_1_460' title='bbox 2084 4233 2211 4325; x_wconf 86' lang='lat' dir='ltr'><strong>igitur,</strong></span> <span class='ocrx_word' id='word_1_461' title='bbox 2238 4243 2269 4302; x_wconf 93' lang='lat' dir='ltr'><strong>ut</strong></span> 
     </span>
     <span class='ocr_line' id='line_1_44' title="bbox 1287 4327 2268 4427; baseline 0.006 -31"><span class='ocrx_word' id='word_1_462' title='bbox 1287 4328 1530 4400; x_wconf 86' lang='lat' dir='ltr'><strong>voluntatibus</strong></span> <span class='ocrx_word' id='word_1_463' title='bbox 1543 4327 1776 4420; x_wconf 86' lang='lat' dir='ltr'><strong>collegarum,</strong></span> <span class='ocrx_word' id='word_1_464' title='bbox 1802 4343 1988 4414; x_wconf 88' lang='lat' dir='ltr'><strong>eteorum,</strong></span> <span class='ocrx_word' id='word_1_465' title='bbox 2012 4333 2076 4427; x_wconf 88' lang='lat' dir='ltr'><strong>qui</strong></span> <span class='ocrx_word' id='word_1_466' title='bbox 2094 4329 2182 4408; x_wconf 88' lang='lat' dir='ltr'><strong>haec</strong></span> <span class='ocrx_word' id='word_1_467' title='bbox 2197 4358 2268 4406; x_wconf 90' lang='lat' dir='ltr'><strong>con·</strong></span> 
     </span>
     <span class='ocr_line' id='line_1_45' title="bbox 1286 4429 2268 4530; baseline 0.004 -28"><span class='ocrx_word' id='word_1_468' title='bbox 1286 4431 1364 4502; x_wconf 89' lang='lat' dir='ltr'><strong>silia</strong></span> <span class='ocrx_word' id='word_1_469' title='bbox 1384 4431 1603 4522; x_wconf 88' lang='lat' dir='ltr'><strong>gubernant,</strong></span> <span class='ocrx_word' id='word_1_470' title='bbox 1639 4429 1847 4522; x_wconf 84' lang='lat' dir='ltr'><strong>exploratis,</strong></span> <span class='ocrx_word' id='word_1_471' title='bbox 1887 4447 2048 4506; x_wconf 90' lang='lat' dir='ltr'><strong>amanter</strong></span> <span class='ocrx_word' id='word_1_472' title='bbox 2068 4435 2105 4506; x_wconf 92' lang='lat' dir='ltr'><strong>ei</strong></span> <span class='ocrx_word' id='word_1_473' title='bbox 2134 4459 2268 4530; x_wconf 88' lang='lat' dir='ltr'><strong>respon·</strong></span> 
     </span>
     <span class='ocr_line' id='line_1_46' title="bbox 1287 4528 2268 4630; baseline 0.002 -28"><span class='ocrx_word' id='word_1_474' title='bbox 1287 4532 1410 4606; x_wconf 88' lang='lat' dir='ltr'><strong>dcatis.</strong></span> <span class='ocrx_word' id='word_1_475' title='bbox 1459 4528 1612 4602; x_wconf 87' lang='lat' dir='ltr'><strong>Carmen</strong></span> <span class='ocrx_word' id='word_1_476' title='bbox 1634 4543 1735 4602; x_wconf 90' lang='lat' dir='ltr'><strong>tuum</strong></span> <span class='ocrx_word' id='word_1_477' title='bbox 1751 4533 1910 4619; x_wconf 89' lang='lat' dir='ltr'><strong>remitto,</strong></span> <span class='ocrx_word' id='word_1_478' title='bbox 1933 4535 1971 4606; x_wconf 93' lang='lat' dir='ltr'><strong>in</strong></span> <span class='ocrx_word' id='word_1_479' title='bbox 1988 4560 2059 4630; x_wconf 89' lang='lat' dir='ltr'><strong>quo</strong></span> <span class='ocrx_word' id='word_1_480' title='bbox 2075 4562 2155 4610; x_wconf 92' lang='lat' dir='ltr'><strong>non</strong></span> <span class='ocrx_word' id='word_1_481' title='bbox 2170 4539 2268 4610; x_wconf 88' lang='lat' dir='ltr'><strong>solnm</strong></span> 
     </span>
     <span class='ocr_line' id='line_1_47' title="bbox 1288 4630 2270 4730; baseline 0.008 -28"><span class='ocrx_word' id='word_1_482' title='bbox 1288 4635 1510 4730; x_wconf 89' lang='lat' dir='ltr'><strong>splendorem</strong></span> <span class='ocrx_word' id='word_1_483' title='bbox 1537 4645 1657 4717; x_wconf 90' lang='lat' dir='ltr'><strong>tuum,</strong></span> <span class='ocrx_word' id='word_1_484' title='bbox 1694 4633 1757 4727; x_wconf 87' lang='lat' dir='ltr'><strong>qui</strong></span> <span class='ocrx_word' id='word_1_485' title='bbox 1783 4630 1873 4704; x_wconf 91' lang='lat' dir='ltr'><strong>mihi</strong></span> <span class='ocrx_word' id='word_1_486' title='bbox 1899 4649 2007 4708; x_wconf 90' lang='lat' dir='ltr'><strong>notus</strong></span> <span class='ocrx_word' id='word_1_487' title='bbox 2031 4651 2103 4726; x_wconf 89' lang='lat' dir='ltr'><strong>est,</strong></span> <span class='ocrx_word' id='word_1_488' title='bbox 2137 4641 2270 4712; x_wconf 76' lang='lat' dir='ltr'><strong>miratus</strong></span> 
     </span>
     <span class='ocr_line' id='line_1_48' title="bbox 1288 4732 2269 4836; baseline 0.007 -33"><span class='ocrx_word' id='word_1_489' title='bbox 1288 4758 1383 4819; x_wconf 89' lang='lat' dir='ltr'><strong>sum,</strong></span> <span class='ocrx_word' id='word_1_490' title='bbox 1423 4735 1483 4803; x_wconf 90' lang='lat' dir='ltr'><strong>scd</strong></span> <span class='ocrx_word' id='word_1_491' title='bbox 1511 4733 1615 4810; x_wconf 89' lang='lat' dir='ltr'><strong>etiam</strong></span> <span class='ocrx_word' id='word_1_492' title='bbox 1641 4732 1694 4806; x_wconf 90' lang='lat' dir='ltr'><strong>tui</strong></span> <span class='ocrx_word' id='word_1_493' title='bbox 1716 4735 1827 4805; x_wconf 90' lang='lat' dir='ltr'><strong>animi</strong></span> <span class='ocrx_word' id='word_1_494' title='bbox 1848 4739 2152 4829; x_wconf 79' lang='lat' dir='ltr'><strong>magnitudinem,</strong></span> <span class='ocrx_word' id='word_1_495' title='bbox 2188 4739 2269 4836; x_wconf 86' lang='lat' dir='ltr'><strong>quod</strong></span> 
     </span>
    </p>
   </div>
   <div class='ocr_carea' id='block_1_6' title="bbox 343 4835 2271 5023">
    <p class='ocr_par' dir='ltr' id='par_1_11' title="bbox 343 4835 2271 5023">
     <span class='ocr_line' id='line_1_49' title="bbox 1288 4835 2271 4936; baseline 0.004 -30"><span class='ocrx_word' id='word_1_496' title='bbox 1288 4849 1426 4906; x_wconf 84' lang='lat' dir='ltr'><strong>tuntum</strong></span> <span class='ocrx_word' id='word_1_497' title='bbox 1448 4857 1559 4926; x_wconf 91' lang='lat' dir='ltr'><strong>opus,</strong></span> <span class='ocrx_word' id='word_1_498' title='bbox 1592 4835 1630 4904; x_wconf 93' lang='lat' dir='ltr'><strong>in</strong></span> <span class='ocrx_word' id='word_1_499' title='bbox 1653 4859 1724 4930; x_wconf 91' lang='lat' dir='ltr'><strong>quo</strong></span> <span class='ocrx_word' id='word_1_500' title='bbox 1747 4849 1820 4909; x_wconf 92' lang='lat' dir='ltr'><strong>tota</strong></span> <span class='ocrx_word' id='word_1_501' title='bbox 1843 4862 1963 4909; x_wconf 90' lang='lat' dir='ltr'><strong>rerum</strong></span> <span class='ocrx_word' id='word_1_502' title='bbox 1985 4856 2114 4913; x_wconf 89' lang='lat' dir='ltr'><strong>natura</strong></span> <span class='ocrx_word' id='word_1_503' title='bbox 2130 4841 2271 4936; x_wconf 86' lang='lat' dir='ltr'><strong>comple·</strong></span> 
     </span>
     <span class='ocr_line' id='line_1_50' title="bbox 343 4928 2270 5023; baseline -0.008 -11"><span class='ocrx_word' id='word_1_504' title='bbox 343 4939 520 5012; x_wconf 89' lang='lat' dir='ltr'><strong>Historica</strong></span> <span class='ocrx_word' id='word_1_505' title='bbox 538 4937 582 5004; x_wconf 91' lang='lat' dir='ltr'><strong>de</strong></span> <span class='ocrx_word' id='word_1_506' title='bbox 597 4935 718 5018; x_wconf 87' lang='lat' dir='ltr'><strong>hellis,</strong></span> <span class='ocrx_word' id='word_1_507' title='bbox 750 4933 889 5002; x_wconf 88' lang='lat' dir='ltr'><strong>notiora</strong></span> <span class='ocrx_word' id='word_1_508' title='bbox 906 4941 990 5000; x_wconf 90' lang='lat' dir='ltr'><strong>sunt</strong></span> <span class='ocrx_word' id='word_1_509' title='bbox 1007 4928 1109 4998; x_wconf 83' lang='lat' dir='ltr'><strong>vobis</strong></span> <span class='ocrx_word' id='word_1_510' title='bbox 1131 4949 1236 5022; x_wconf 91' lang='lat' dir='ltr'><strong>quam</strong></span> <span class='ocrx_word' id='word_1_511' title='bbox 1289 4939 1418 5006; x_wconf 69' lang='lat' dir='ltr'><strong>cienda</strong></span> <span class='ocrx_word' id='word_1_512' title='bbox 1429 4949 1491 5023; x_wconf 86' lang='lat' dir='ltr'><strong>est,</strong></span> <span class='ocrx_word' id='word_1_513' title='bbox 1515 4935 1712 5011; x_wconf 86' lang='lat' dir='ltr'><strong>instituisti.</strong></span> <span class='ocrx_word' id='word_1_514' title='bbox 1762 4936 1854 5009; x_wconf 92' lang='lat' dir='ltr'><strong>Cum</strong></span> <span class='ocrx_word' id='word_1_515' title='bbox 1870 4953 1986 5011; x_wconf 84' lang='lat' dir='ltr'><strong>autem</strong></span> <span class='ocrx_word' id='word_1_516' title='bbox 2000 4943 2064 5013; x_wconf 77' lang='lat' dir='ltr'><strong>otii</strong></span> <span class='ocrx_word' id='word_1_517' title='bbox 2077 4943 2195 5016; x_wconf 68' lang='lat' dir='ltr'><strong>mim,</strong></span> <span class='ocrx_word' id='word_1_518' title='bbox 2210 4964 2270 5013; x_wconf 54' lang='grc' dir='ltr'>Μ</span> 
     </span>
    </p>
   </div>
   <div class='ocr_carea' id='block_1_7' title="bbox 244 5021 2270 5242">
    <p class='ocr_par' dir='ltr' id='par_1_12' title="bbox 244 5021 2270 5242">
     <span class='ocr_line' id='line_1_51' title="bbox 244 5021 2270 5136; baseline -0.003 -18"><span class='ocrx_word' id='word_1_519' title='bbox 244 5041 345 5118; x_wconf 90' lang='lat' dir='ltr'><strong>mihi.</strong></span> <span class='ocrx_word' id='word_1_520' title='bbox 378 5038 472 5114; x_wconf 81' lang='lat' dir='ltr'><strong>Ante</strong></span> <span class='ocrx_word' id='word_1_521' title='bbox 488 5039 645 5109; x_wconf 89' lang='lat' dir='ltr'><strong>triduum</strong></span> <span class='ocrx_word' id='word_1_522' title='bbox 663 5037 781 5104; x_wconf 90' lang='lat' dir='ltr'><strong>literas</strong></span> <span class='ocrx_word' id='word_1_523' title='bbox 795 5033 925 5122; x_wconf 88' lang='lat' dir='ltr'><strong>accepi,</strong></span> <span class='ocrx_word' id='word_1_524' title='bbox 947 5031 986 5100; x_wconf 89' lang='lat' dir='ltr'><strong>in</strong></span> <span class='ocrx_word' id='word_1_525' title='bbox 1003 5029 1133 5123; x_wconf 85' lang='lat' dir='ltr'><strong>quihus</strong></span> <span class='ocrx_word' id='word_1_526' title='bbox 1149 5021 1238 5100; x_wconf 72' lang='lat' dir='ltr'><strong>milti</strong></span> <span class='ocrx_word' id='word_1_527' title='bbox 1290 5039 1356 5110; x_wconf 93' lang='lat' dir='ltr'><strong>tibi</strong></span> <span class='ocrx_word' id='word_1_528' title='bbox 1376 5038 1504 5123; x_wconf 90' lang='lat' dir='ltr'><strong>seiam,</strong></span> <span class='ocrx_word' id='word_1_529' title='bbox 1528 5061 1654 5132; x_wconf 88' lang='lat' dir='ltr'><strong>quam,</strong></span> <span class='ocrx_word' id='word_1_530' title='bbox 1680 5053 1853 5132; x_wconf 87' lang='lat' dir='ltr'><strong>quantum</strong></span> <span class='ocrx_word' id='word_1_531' title='bbox 1875 5036 1983 5114; x_wconf 91' lang='lat' dir='ltr'><strong>huius</strong></span> <span class='ocrx_word' id='word_1_532' title='bbox 2006 5045 2125 5136; x_wconf 92' lang='lat' dir='ltr'><strong>operis</strong></span> <span class='ocrx_word' id='word_1_533' title='bbox 2148 5043 2270 5136; x_wconf 88' lang='lat' dir='ltr'><strong>magni·</strong></span> 
     </span>
     <span class='ocr_line' id='line_1_52' title="bbox 245 5129 2270 5242; baseline -0.004 -22"><span class='ocrx_word' id='word_1_534' title='bbox 245 5146 520 5242; x_wconf 79' lang='lat' dir='ltr'><strong>significabatur,</strong></span> <span class='ocrx_word' id='word_1_535' title='bbox 545 5129 803 5211; x_wconf 79' lang='lat' dir='ltr'><strong>Marchionem</strong></span> <span class='ocrx_word' id='word_1_536' title='bbox 819 5131 1011 5206; x_wconf 85' lang='lat' dir='ltr'><strong>Albertum</strong></span> <span class='ocrx_word' id='word_1_537' title='bbox 1032 5129 1240 5202; x_wconf 91' lang='lat' dir='ltr'><strong>reconcilia·</strong></span> <span class='ocrx_word' id='word_1_538' title='bbox 1290 5143 1377 5212; x_wconf 74' lang='lat' dir='ltr'><strong>tudo</strong></span> <span class='ocrx_word' id='word_1_539' title='bbox 1400 5139 1570 5234; x_wconf 85' lang='lat' dir='ltr'><strong>postulat,</strong></span> <span class='ocrx_word' id='word_1_540' title='bbox 1600 5141 1752 5233; x_wconf 89' lang='lat' dir='ltr'><strong>optarim</strong></span> <span class='ocrx_word' id='word_1_541' title='bbox 1774 5153 1809 5212; x_wconf 87' lang='lat' dir='ltr'><strong>te</strong></span> <span class='ocrx_word' id='word_1_542' title='bbox 1824 5140 1949 5214; x_wconf 84' lang='lat' dir='ltr'><strong>Festos</strong></span> <span class='ocrx_word' id='word_1_543' title='bbox 1963 5140 2270 5218; x_wconf 70' lang='lat' dir='ltr'><strong>inchoatosahcol·</strong></span> 
     </span>
    </p>
   </div>
   <div class='ocr_carea' id='block_1_8' title="bbox 245 5241 2269 5340">
    <p class='ocr_par' dir='ltr' id='par_1_13' title="bbox 245 5241 2269 5340">
     <span class='ocr_line' id='line_1_53' title="bbox 245 5241 2269 5340; baseline 0.007 -38"><span class='ocrx_word' id='word_1_544' title='bbox 245 5311 473 5334; x_wconf 74' lang='lat'><strong>...........-·</strong></span> <span class='ocrx_word' id='word_1_545' title='bbox 1291 5265 1389 5326; x_wconf 86' lang='lat' dir='ltr'><strong>vere,</strong></span> <span class='ocrx_word' id='word_1_546' title='bbox 1422 5253 1457 5312; x_wconf 89' lang='lat' dir='ltr'><strong>et</strong></span> <span class='ocrx_word' id='word_1_547' title='bbox 1483 5241 1541 5311; x_wconf 88' lang='lat' dir='ltr'><strong>vel</strong></span> <span class='ocrx_word' id='word_1_548' title='bbox 1569 5264 1726 5318; x_wconf 88' lang='lat' dir='ltr'><strong>mensem</strong></span> <span class='ocrx_word' id='word_1_549' title='bbox 1748 5265 1862 5314; x_wconf 91' lang='lat' dir='ltr'><strong>unum</strong></span> <span class='ocrx_word' id='word_1_550' title='bbox 1883 5257 1989 5340; x_wconf 83' lang='lat' dir='ltr'><strong>atque</strong></span> <span class='ocrx_word' id='word_1_551' title='bbox 2009 5247 2163 5320; x_wconf 85' lang='lat' dir='ltr'><strong>alterum</strong></span> <span class='ocrx_word' id='word_1_552' title='bbox 2182 5250 2269 5320; x_wconf 83' lang='lat' dir='ltr'><strong>edere</strong></span> 
     </span>
    </p>
   </div>
   <div class='ocr_carea' id='block_1_9' title="bbox 279 5395 2097 5554">
    <p class='ocr_par' dir='ltr' id='par_1_14' title="bbox 279 5395 2097 5554">
     <span class='ocr_line' id='line_1_54' title="bbox 281 5395 693 5478; baseline -0.024 -16"><span class='ocrx_word' id='word_1_553' title='bbox 281 5409 309 5478; x_wconf 85' lang='lat' dir='ltr'><strong>l)</strong></span> <span class='ocrx_word' id='word_1_554' title='bbox 325 5405 431 5461; x_wconf 71' lang='lat' dir='ltr'><strong>Nollem</strong></span> <span class='ocrx_word' id='word_1_555' title='bbox 452 5395 693 5458; x_wconf 81' lang='lat' dir='ltr'><strong>Buchlroltseruni.</strong></span> 
     </span>
     <span class='ocr_line' id='line_1_55' title="bbox 279 5459 2097 5554; baseline -0.033 -4"><span class='ocrx_word' id='word_1_556' title='bbox 279 5492 309 5554; x_wconf 78' lang='lat' dir='ltr'><strong>tt</strong></span> <span class='ocrx_word' id='word_1_557' title='bbox 328 5491 456 5548; x_wconf 81' lang='lat' dir='ltr'><strong>Mortuus</strong></span> <span class='ocrx_word' id='word_1_558' title='bbox 473 5495 514 5541; x_wconf 87' lang='lat' dir='ltr'><strong>cst</strong></span> <span class='ocrx_word' id='word_1_559' title='bbox 530 5499 625 5540; x_wconf 78' lang='lat' dir='ltr'><strong>mense</strong></span> <span class='ocrx_word' id='word_1_560' title='bbox 643 5479 709 5540; x_wconf 84' lang='lat' dir='ltr'><strong>Oct.</strong></span> <span class='ocrx_word' id='word_1_561' title='bbox 727 5475 806 5536; x_wconf 72' lang='lat'><strong>1⁵⁵2.</strong></span> <span class='ocrx_word' id='word_1_562' title='bbox 1326 5465 1404 5542; x_wconf 57' lang='lat' dir='ltr'><strong>md</strong></span> <span class='ocrx_word' id='word_1_563' title='bbox 1417 5463 1609 5522; x_wconf 51' lang='lat' dir='ltr'><strong>graffium</strong></span> <span class='ocrx_word' id='word_1_564' title='bbox 1622 5459 1778 5524; x_wconf 50' lang='lat'><strong>0014552,</strong></span> <span class='ocrx_word' id='word_1_565' title='bbox 1813 5463 1881 5526; x_wconf 65' lang='lat' dir='ltr'><strong>Vffl,</strong></span> <span class='ocrx_word' id='word_1_566' title='bbox 1893 5464 1981 5526; x_wconf 56' lang='lat'><strong>354·</strong></span> <span class='ocrx_word' id='word_1_567' title='bbox 1995 5487 2024 5532; x_wconf 53' lang='grc' dir='ltr'><strong>υ.</strong></span> <span class='ocrx_word' id='word_1_568' title='bbox 2036 5467 2097 5528; x_wconf 54' lang='lat' dir='ltr'><strong>m.</strong></span> 
     </span>
    </p>
   </div>
   <div class='ocr_carea' id='block_1_10' title="bbox 148 4061 1236 4865">
    <p class='ocr_par' dir='ltr' id='par_1_15' title="bbox 148 4061 1236 4865">
     <span class='ocr_line' id='line_1_56' title="bbox 339 4061 1235 4162; baseline -0.02 -13"><span class='ocrx_word' id='word_1_569' title='bbox 339 4075 460 4150; x_wconf 91' lang='lat' dir='ltr'><strong>Trado</strong></span> <span class='ocrx_word' id='word_1_570' title='bbox 485 4073 555 4142; x_wconf 92' lang='lat' dir='ltr'><strong>iam</strong></span> <span class='ocrx_word' id='word_1_571' title='bbox 581 4070 620 4140; x_wconf 92' lang='lat' dir='ltr'><strong>in</strong></span> <span class='ocrx_word' id='word_1_572' title='bbox 648 4067 945 4162; x_wconf 89' lang='lat' dir='ltr'><strong>praelectionibus</strong></span> <span class='ocrx_word' id='word_1_573' title='bbox 978 4061 1235 4136; x_wconf 88' lang='lat' dir='ltr'><strong>consideratio-</strong></span> 
     </span>
     <span class='ocr_line' id='line_1_57' title="bbox 237 4163 1234 4263; baseline -0.022 -7"><span class='ocrx_word' id='word_1_574' title='bbox 237 4206 320 4256; x_wconf 89' lang='lat' dir='ltr'><strong>nem</strong></span> <span class='ocrx_word' id='word_1_575' title='bbox 344 4181 387 4250; x_wconf 92' lang='lat' dir='ltr'><strong>de</strong></span> <span class='ocrx_word' id='word_1_576' title='bbox 405 4175 620 4256; x_wconf 85' lang='lat' dir='ltr'><strong>Mediatore,</strong></span> <span class='ocrx_word' id='word_1_577' title='bbox 655 4183 799 4263; x_wconf 89' lang='lat' dir='ltr'><strong>propter</strong></span> <span class='ocrx_word' id='word_1_578' title='bbox 822 4163 1003 4240; x_wconf 84' lang='lat' dir='ltr'><strong>Staneori</strong></span> <span class='ocrx_word' id='word_1_579' title='bbox 1022 4163 1234 4256; x_wconf 89' lang='lat' dir='ltr'><strong>disputatio·</strong></span> 
     </span>
     <span class='ocr_line' id='line_1_58' title="bbox 239 4267 1235 4358; baseline -0.025 0"><span class='ocrx_word' id='word_1_580' title='bbox 239 4308 332 4358; x_wconf 90' lang='lat' dir='ltr'><strong>nem.</strong></span> <span class='ocrx_word' id='word_1_581' title='bbox 388 4277 442 4350; x_wconf 89' lang='lat' dir='ltr'><strong>De</strong></span> <span class='ocrx_word' id='word_1_582' title='bbox 465 4267 660 4346; x_wconf 85' lang='lat' dir='ltr'><strong>Osiondro</strong></span> <span class='ocrx_word' id='word_1_583' title='bbox 683 4275 787 4344; x_wconf 88' lang='lat' dir='ltr'><strong>etiam</strong></span> <span class='ocrx_word' id='word_1_584' title='bbox 810 4295 850 4342; x_wconf 85' lang='lat' dir='ltr'><strong>ex</strong></span> <span class='ocrx_word' id='word_1_585' title='bbox 875 4267 1085 4341; x_wconf 85' lang='lat' dir='ltr'><strong>Vratislavia</strong></span> <span class='ocrx_word' id='word_1_586' title='bbox 1109 4267 1154 4337; x_wconf 90' lang='lat' dir='ltr'><strong>ad</strong></span> <span class='ocrx_word' id='word_1_587' title='bbox 1179 4289 1235 4334; x_wconf 89' lang='lat' dir='ltr'><strong>mc</strong></span> 
     </span>
     <span class='ocr_line' id='line_1_59' title="bbox 239 4368 1236 4478; baseline -0.024 -20"><span class='ocrx_word' id='word_1_588' title='bbox 239 4387 408 4478; x_wconf 87' lang='lat' dir='ltr'><strong>scriptum</strong></span> <span class='ocrx_word' id='word_1_589' title='bbox 426 4392 493 4448; x_wconf 87' lang='lat' dir='ltr'><strong>est:</strong></span> <span class='ocrx_word' id='word_1_590' title='bbox 518 4375 655 4448; x_wconf 90' lang='lat' dir='ltr'><strong>utinam</strong></span> <span class='ocrx_word' id='word_1_591' title='bbox 671 4369 739 4444; x_wconf 93' lang='lat' dir='ltr'><strong>hoc</strong></span> <span class='ocrx_word' id='word_1_592' title='bbox 755 4371 855 4442; x_wconf 79' lang='lat' dir='ltr'><strong>brevi</strong></span> <span class='ocrx_word' id='word_1_593' title='bbox 870 4372 1047 4442; x_wconf 86' lang='lat' dir='ltr'><strong>curriculo</strong></span> <span class='ocrx_word' id='word_1_594' title='bbox 1061 4369 1099 4437; x_wconf 94' lang='lat' dir='ltr'><strong>in</strong></span> <span class='ocrx_word' id='word_1_595' title='bbox 1116 4368 1236 4438; x_wconf 88' lang='lat' dir='ltr'><strong>littore</strong></span> 
     </span>
     <span class='ocr_line' id='line_1_60' title="bbox 240 4470 1236 4569; baseline -0.023 -9"><span class='ocrx_word' id='word_1_596' title='bbox 240 4487 378 4562; x_wconf 86' lang='lat' dir='ltr'><strong>Boltico</strong></span> <span class='ocrx_word' id='word_1_597' title='bbox 393 4480 552 4552; x_wconf 85' lang='lat' dir='ltr'><strong>foelicius</strong></span> <span class='ocrx_word' id='word_1_598' title='bbox 567 4500 650 4546; x_wconf 91' lang='lat' dir='ltr'><strong>usus</strong></span> <span class='ocrx_word' id='word_1_599' title='bbox 669 4489 757 4546; x_wconf 90' lang='lat' dir='ltr'><strong>esset</strong></span> <span class='ocrx_word' id='word_1_600' title='bbox 773 4470 818 4569; x_wconf 88' lang='lat'><strong>²).</strong></span> <span class='ocrx_word' id='word_1_601' title='bbox 851 4471 948 4564; x_wconf 88' lang='lat' dir='ltr'><strong>Quid</strong></span> <span class='ocrx_word' id='word_1_602' title='bbox 966 4472 1061 4542; x_wconf 91' lang='lat' dir='ltr'><strong>enim</strong></span> <span class='ocrx_word' id='word_1_603' title='bbox 1079 4470 1236 4539; x_wconf 86' lang='lat' dir='ltr'><strong>illustra-</strong></span> 
     </span>
     <span class='ocr_line' id='line_1_61' title="bbox 242 4570 1235 4674; baseline -0.023 -14"><span class='ocrx_word' id='word_1_604' title='bbox 242 4589 317 4660; x_wconf 85' lang='lat' dir='ltr'><strong>vit?</strong></span> <span class='ocrx_word' id='word_1_605' title='bbox 366 4583 420 4656; x_wconf 84' lang='lat' dir='ltr'><strong>Ac</strong></span> <span class='ocrx_word' id='word_1_606' title='bbox 436 4582 553 4674; x_wconf 92' lang='lat' dir='ltr'><strong>potius</strong></span> <span class='ocrx_word' id='word_1_607' title='bbox 571 4590 701 4646; x_wconf 78' lang='lat' dir='ltr'><strong>tuenles</strong></span> <span class='ocrx_word' id='word_1_608' title='bbox 717 4575 864 4648; x_wconf 86' lang='lat' dir='ltr'><strong>abduxit</strong></span> <span class='ocrx_word' id='word_1_609' title='bbox 879 4599 897 4645; x_wconf 88' lang='lat' dir='ltr'><strong>a</strong></span> <span class='ocrx_word' id='word_1_610' title='bbox 915 4585 1103 4666; x_wconf 87' lang='lat' dir='ltr'><strong>conspectu</strong></span> <span class='ocrx_word' id='word_1_611' title='bbox 1118 4570 1235 4642; x_wconf 89' lang='lat' dir='ltr'><strong>meriti</strong></span> 
     </span>
     <span class='ocr_line' id='line_1_62' title="bbox 242 4672 1236 4764; baseline -0.02 0"><span class='ocrx_word' id='word_1_612' title='bbox 242 4717 282 4764; x_wconf 90' lang='lat' dir='ltr'><strong>ac</strong></span> <span class='ocrx_word' id='word_1_613' title='bbox 304 4686 526 4762; x_wconf 89' lang='lat' dir='ltr'><strong>obedientiae</strong></span> <span class='ocrx_word' id='word_1_614' title='bbox 550 4681 612 4748; x_wconf 89' lang='lat' dir='ltr'><strong>lilii</strong></span> <span class='ocrx_word' id='word_1_615' title='bbox 629 4679 713 4764; x_wconf 88' lang='lat' dir='ltr'><strong>Dei,</strong></span> <span class='ocrx_word' id='word_1_616' title='bbox 743 4693 776 4750; x_wconf 91' lang='lat' dir='ltr'><strong>et</strong></span> <span class='ocrx_word' id='word_1_617' title='bbox 795 4679 899 4748; x_wconf 87' lang='lat' dir='ltr'><strong>fidem</strong></span> <span class='ocrx_word' id='word_1_618' title='bbox 922 4677 1039 4748; x_wconf 92' lang='lat' dir='ltr'><strong>noluit</strong></span> <span class='ocrx_word' id='word_1_619' title='bbox 1054 4695 1127 4746; x_wconf 84' lang='lat' dir='ltr'><strong>esse</strong></span> <span class='ocrx_word' id='word_1_620' title='bbox 1144 4672 1236 4744; x_wconf 89' lang='lat' dir='ltr'><strong>lidu-</strong></span> 
     </span>
     <span class='ocr_line' id='line_1_63' title="bbox 148 4775 954 4865; baseline -0.019 2"><span class='ocrx_word' id='word_1_621' title='bbox 148 4841 152 4850; x_wconf 90' lang='lat'><strong>·</strong></span> <span class='ocrx_word' id='word_1_622' title='bbox 241 4793 330 4865; x_wconf 86' lang='lat' dir='ltr'><strong>ciam</strong></span> <span class='ocrx_word' id='word_1_623' title='bbox 345 4782 616 4860; x_wconf 88' lang='lat' dir='ltr'><strong>misericordiae.</strong></span> <span class='ocrx_word' id='word_1_624' title='bbox 666 4779 736 4853; x_wconf 89' lang='lat' dir='ltr'><strong>Sed</strong></span> <span class='ocrx_word' id='word_1_625' title='bbox 754 4775 841 4850; x_wconf 90' lang='lat' dir='ltr'><strong>haec</strong></span> <span class='ocrx_word' id='word_1_626' title='bbox 856 4778 954 4852; x_wconf 89' lang='lat' dir='ltr'><strong>alias.</strong></span> 
     </span>
    </p>
   </div>
   <div class='ocr_carea' id='block_1_11' title="bbox 0 0 2414 6196">
    <p class='ocr_par' dir='ltr' id='par_1_16' title="bbox 0 0 2414 6196">
     <span class='ocr_line' id='line_1_64' title="bbox 0 0 2414 6196; baseline 0 0"><span class='ocrx_word' id='word_1_627' title='bbox 0 0 2414 6196; x_wconf 95' lang='lat' dir='ltr'><strong> </strong></span> 
     </span>
    </p>
   </div>
  </div>
 </body>
</html>
