4522 6204
200 248 278 328 055
774 229 1208 314 uatsrontnuu
1256 239 1362 318 eta
1396 243 1479 318 ιιι.
1535 239 1650 320 esso
2137 257 2194 330 est

204 423 309 494 initia
327 419 372 490 ad
392 409 667 510 Bransvigam,
692 423 726 484 et
748 411 855 482 nobis
877 423 911 480 et
931 409 1010 478 aliis
1029 407 1196 498 gentibus
1248 408 1407 509 κρατίαι,
1432 415 1569 487 etiamsi
1585 416 1733 486 nuntiet
1748 429 1916 488 restante
1930 417 2005 505 siue
2019 425 2196 512 ungriae«
2238 463 2239 468 =

206 523 431 600 formidanda
445 541 518 588 csse
537 517 709 586 existimo.
761 505 1200 582 ConiunctiuSatorniet
1249 519 1478 606 siueaaagnis
1495 517 1759 590 certaminibus.
1812 513 1891 590 Oro
1907 533 2020 590 antem
2035 519 2131 592 Deum
2142 541 2198 598 1010

207 621 352 714 lllortis
371 611 654 716 iaCapricorno
669 630 749 686 ante
762 614 975 696 triennium,
1001 611 1200 700 significare
1252 631 1411 710 pectore,
1436 633 1475 690 ut
1498 620 1573 709 ipse
1586 621 1913 697 clmnentertantos
1929 626 2199 714 mottrsgubemet,
2239 626 2240 670 l

208 727 306 816 genti
330 718 521 794 Saxoniae
548 745 621 790 non
655 718 749 786 ieves
780 727 897 786 motus
922 713 1200 784 existimabatur.
1252 721 1599 811 sepositas-mitiget.
1653 719 1761 813 Apud
1778 716 2201 803 nosadhuesnntllalcro-

210 827 257 902 Et
278 826 437 921 prodigia
456 821 566 892 multa
582 832 765 910 conspecta
783 831 877 890 sunt.
929 813 969 884 ln
986 809 1054 884 hac
1070 813 1202 884 vicinia
1253 820 1323 893 nia.
1382 819 1451 892 Sed
1486 837 1682 894 conventus
1706 817 1951 916 Augustanus
1981 827 2083 916 pariet
2109 807 2202 914 ediits,

211 931 316 1002 etiarn
337 941 418 1000 ante
439 946 614 1000 mensem,
642 921 708 988 viri
731 919 830 1008 digni
855 918 941 1002 fide,
971 917 1138 1000 viderunt
1162 915 1202 982 in
1253 945 1342 1016 qnae
1377 945 1488 992 novas
1518 923 1765 1016 dissipationes
1799 925 1961 1000 efficient.
2026 921 2204 1000 Mediolani
2240 976 2241 1006 t

211 1036 293 1104 adro
317 1027 469 1122 speciem
493 1023 643 1105 montis,
676 1021 714 1090 in
738 1046 809 1114 quo
831 1019 928 1090 stetit
951 1039 1092 1100 cervus,
1125 1031 1202 1086 ete
1254 1024 1374 1112 magni
1403 1024 1494 1094 ianm
1516 1027 1705 1116 adparatus
1728 1028 1770 1094 ad
1797 1027 2038 1118 mcipimdnm
2060 1017 2204 1098 Caralim

211 1135 353 1224 regione
367 1128 419 1199 sol
435 1139 601 1196 cruentus
616 1123 730 1191 ‹tividi
744 1123 841 1190 visus
857 1122 894 1188 in
915 1121 1002 1188 duas
1017 1131 1142 1210 partes,
1169 1128 1205 1185 et
1257 1124 1508 1216 imperatorem
1519 1148 1606 1198 ,aum
1623 1125 1711 1198 filio,
1743 1123 1790 1196 Ea
1805 1128 1906 1198 aium
1918 1122 1986 1198 hoc
2000 1129 2066 1196 iam
2080 1145 2207 1200 geruum,

212 1235 283 1308 labi
297 1243 414 1325 partes
427 1229 466 1298 in
482 1227 619 1296 diversa
636 1226 711 1294 loca
727 1224 957 1304 videbantur,
987 1242 1097 1312 prope
1119 1241 1203 1287 vcro
1258 1249 1331 1296 csse
1347 1224 1619 1319 Imperatorem,
1644 1241 1685 1298 ut
1701 1229 1816 1298 fitium
1832 1242 1926 1300 eaeet
1940 1223 2141 1302 Mediolani
2150 1233 2210 1304 Du·

212 1333 345 1428 species
366 1331 442 1400 visa
466 1341 517 1398 est
539 1328 755 1396 exercituum
786 1323 1044 1394 dimicantium.
1111 1319 1204 1390 Solis
1256 1323 1826 1416 cam‚01M0diola„fflumtm‚
1853 1328 2209 1428 eaaegnumepat

213 1435 343 1506 divisio
356 1433 405 1504 ita
422 1428 659 1522 perterrefecit
675 1439 886 1516 spectatores
900 1436 937 1492 ut
953 1434 1118 1514 portarent
1132 1421 1205 1489 dis.
1257 1438 1388 1500 tanum
1405 1433 1467 1503 det
1481 1431 1729 1502 iusiurandum
1742 1431 1828 1510 filio,
1853 1455 1891 1501 se
1909 1429 2133 1526 praesente‘).
2158 1433 2211 1504 ba

214 1537 305 1608 solvi
331 1529 422 1604 butt
452 1531 577 1601 mundi
608 1523 809 1597 machinam
823 1523 870 1619 i).
932 1523 1001 1596 Sed
1024 1536 1206 1594 lentatum
1258 1531 1388 1622 opium
1429 1555 1510 1602 eum
1548 1533 1662 1624 pluris
1695 1535 1809 1603 facere
1842 1533 1976 1602 benum
2009 1531 2213 1622 Saxonicum,

214 1637 308 1708 lianc
322 1633 611 1716 consolationem,
633 1642 728 1700 certo
746 1641 966 1700 servaturum
985 1649 1058 1695 esse
1072 1623 1205 1694 Filium
1258 1657 1364 1726 quam
1390 1628 1477 1702 haec
1498 1657 1561 1703 sua
1582 1634 1737 1724 negotia,
1787 1631 2051 1726 DeRepnblica
2074 1634 2243 1710 talitha-r

213 1737 281 1810 Dei
300 1733 493 1808 Ecclesiam
514 1756 632 1815 suam,
664 1731 754 1802 sicut
777 1729 915 1825 inquit,
947 1722 1068 1798 Nemo
1088 1721 1207 1821 rapiet
1258 1736 1407 1820 habam,
1440 1749 1579 1826 praeter
1600 1730 1669 1806 huc
1691 1727 1894 1833 ἀξιόλογον,
1946 1736 2049 1806 Nunc
2071 1763 2215 1828 (ψη.

214 1863 295 1910 oves
311 1858 411 1908 meas
426 1857 472 1904 es
487 1829 662 1902 manibus
674 1829 785 1916 meis,
810 1846 846 1902 et
861 1843 902 1899 ut
918 1839 1031 1898 servet
1048 1825 1207 1896 ardenti·
1258 1837 1376 1906 fartam
1390 1837 1593 1922 almaini,
1614 1860 1702 1930 qaas
1717 1837 1825 1905 vicini
1840 1837 1952 1907 nostri
1968 1855 2136 1930 spargunt,
2156 1865 2217 1930 pro-

214 1945 281 2012 bus
302 1938 394 2010 votis
416 1957 664 2008 sumeremus.
719 1933 768 2004 De
784 1929 972 2002 Conventa
991 1927 1208 2022 stagneam
1258 1938 1505 2020 temeriditate,
1528 1939 1699 2010 mutilatis
1713 1939 1818 2008 etiarn
1837 1932 2006 2019 historiis,
2030 1943 2217 2034 qtnsednnt.

216 2037 332 2114 adhuc
355 2039 449 2132 apud
471 2060 536 2106 nos
561 2035 740 2106 silentium
761 2046 825 2105 est.
882 2029 979 2102 Bene
1001 2046 1038 2101 et
1062 2029 1211 2102 feliciter
1262 2038 1369 2108 Mitto
1389 2039 1457 2114 tibi
1478 2041 1638 2131 proxime
1657 2041 1836 2110 musam
1862 2042 2068 2114 orationem.
2116 2039 2218 2110 Socero

215 2145 304 2217 vale.
353 2145 389 2216 2
404 2137 583 2230 Septemb.
1262 2154 1323 2210 tuo
1337 2155 1377 2212 et
1388 2141 1513 2212 vestris
1529 2137 1697 2212 Ecclesiis
1714 2142 1915 2212 darnesticis
1932 2155 1968 2212 et
1983 2145 2127 2235 publicis
2140 2147 2220 2210 rebus

1230 2305 1231 2308 ,
1262 2244 1408 2312 saliatem
1431 2255 1526 2335 opto.
1579 2241 1678 2313 Beue
1696 2257 1729 2314 ct
1745 2241 1896 2314 feliciter
1915 2243 2004 2320 vale.
2056 2244 2119 2316 Die
2133 2243 2221 2314 sse

1262 2343 1443 2434 ptcmbria

216 2509 410 2586 Nastae
1046 2511 1197 2596 &Septa

220 2611 432 2647 Μ
1037 2601 1207 2632 *0⁴⁹

514 2689 664 2776 loaoln
696 2687 911 2774 Mollero.
957 2689 961 2699 '
1262 2703 1329 2775 No.
1344 2703 1455 2780 4787·
2108 2710 2246 2793 saepti:

284 2850 477 2923 baem.
494 2847 597 2922 asos.
616 2845 890 2916 (abundanti.
909 2849 1049 2920 apsa),
1268 2801 1480 2840 Μ
2118 2801 2222 2830 Μ

1578 2888 1646 2974 lo.
1668 2885 1943 3005 Amifoltro.

431 3011 487 3089 D.
514 3003 759 3084 Ioarlsimo
785 3005 843 3080 M
848 3005 995 3082 allero
1329 3047 1350 3112 †
1368 3043 1405 3098 E,
1418 3065 1510 3118 apogr.
1524 3041 1552 3100 ὴ,
1568 3046 1630 3102 „g
1645 3045 1733 3102 p„;,‚
1754 3045 1788 3100 ῃ,
1803 3047 1833 3105 ιἡ
1851 3045 1911 3102 64¹.

217 3156 265 3242 S.
292 3167 342 3240 D.
390 3161 595 3235 (larissime
622 3161 678 3228 vir
702 3173 737 3230 et
764 3155 968 3230 charissime
993 3159 1112 3230 frater.
1163 3153 1212 3226 Et

217 3269 303 3342 itaer
316 3269 445 3340 mandi
460 3278 598 3335 senecta
615 3261 830 3332 imbecillior
844 3277 912 3344 est,
939 3283 1045 3355 quarn
1066 3259 1134 3328 fnit
1150 3259 1212 3327 illa

216 3395 321 3442 aurea
339 3370 395 3440 vel
412 3379 574 3457 argentea
591 3378 703 3449 aetas,
732 3385 826 3456 quae
842 3363 1047 3446 antecessit,
1073 3376 1108 3430 et
1124 3359 1211 3431 Dia-

217 3473 322 3542 bolus
338 3473 450 3560 magis
465 3469 551 3540 furit
568 3466 721 3538 sentiens
737 3465 992 3558 propeinstare
1008 3463 1102 3532 diem
1126 3457 1211 3531 hor·
1261 3443 1312 3530 S.
1339 3453 1383 3524 D.
1435 3452 1512 3524 Etsi
1529 3453 1648 3525 literas
1667 3454 1821 3524 iamatc
1838 3459 2067 3548 expectabam
2084 3472 2119 3528 et
2132 3457 2170 3526 de
2183 3453 2231 3522 tuis

218 3575 320 3642 rendi
342 3573 487 3654 iudicii,
526 3570 565 3638 in
591 3593 663 3662 qno
688 3591 805 3636 corant
829 3568 997 3636 omnilins
1021 3565 1154 3653 angelis
1178 3578 1210 3632 ct
1264 3561 1368 3628 rebus
1392 3571 1426 3626 ct
1450 3557 1494 3624 de
1515 3555 1698 3626 voluntate
1723 3578 1803 3644 erga
1828 3579 1894 3626 nos
1918 3571 2001 3644 tua,
2036 3574 2150 3630 tamen
2171 3551 2230 3624 haic

220 3671 424 3742 ltotniaibus
446 3671 521 3740 eius
543 3685 632 3739 tetra
659 3669 801 3738 illuvies
827 3669 995 3738 scelerum
1024 3678 1212 3756 retegente,
1263 3659 1418 3730 auditori
1453 3670 1574 3726 nostra
1599 3651 1691 3726 hanc
1713 3657 1795 3728 dedi
1819 3657 2027 3750 epistolam,
2066 3675 2106 3730 ut
2127 3674 2157 3730 te
2176 3679 2231 3724 neo

219 3789 250 3844 ct
265 3785 378 3864 mtum
395 3773 485 3840 illud
500 3793 625 3858 agmen
643 3770 832 3860 impiorum
848 3771 887 3838 in
905 3783 1063 3839 aeternas
1080 3791 1210 3860 poenas
1263 3759 1423 3850 exemplo
1446 3763 1487 3827 ad
1512 3757 1740 3828 scribendum
1761 3757 1961 3834 invitarem.
2017 3759 2110 3834 Cum
2129 3774 2175 3832 tot
2187 3782 2232 3826 an·

218 3873 415 3944 abiicietur.
458 3865 983 3958 Eturgentgenusbumanum
998 3892 1211 3960 uuucsupe·
1263 3887 1328 3934 nos
1352 3859 1574 3930 familiaritas
1596 3859 1660 3930 tibi
1682 3883 1819 3930 mecum
1835 3861 1961 3946 fuerit,
1990 3877 2026 3936 et
2042 3887 2100 3932 me
2117 3863 2152 3932 in
2167 3857 2233 3928 deli·

219 3976 355 4046 riorum
388 3985 610 4062 temporum,
654 3981 689 4038 et
722 3967 835 4036 nostri
865 3971 1035 4060 temporis
1061 3983 1212 4062 peccata.
1265 3963 1509 4036 berationibus
1527 3959 1679 4054 publicis
1696 3975 1730 4030 et
1747 3961 1895 4052 privatis
1912 3965 2140 4034 sermonibus
2156 3961 2232 4032 toto

219 4076 306 4148 ldeo
339 4095 492 4142 erescere
524 4067 738 4139 calamitates
766 4091 840 4136 non
866 4069 1054 4154 miremur,
1085 4073 1142 4140 sed
1168 4073 1213 4139 de
1264 4065 1441 4144 audiveris
1465 4063 1637 4134 derebus
1662 4087 1734 4132 uon
1758 4063 1877 4154 parvis
1894 4065 2121 4158 loquentem,
2146 4083 2232 4156 spru.

216 4177 334 4250 causis
360 4173 570 4264 cogitemus,
609 4181 642 4239 et
673 4167 824 4238 sciamus
852 4181 969 4240 tenen
993 4167 1123 4240 Filium
1146 4167 1212 4242 Dei
1264 4185 1298 4240 te
1323 4181 1442 4258 pectus
1470 4187 1588 4234 meum
1614 4163 1881 4258 introspexisse,
1918 4179 1952 4238 ct
1976 4190 2123 4238 sensum
2148 4159 2231 4236 animi

219 4292 440 4351 servaturum
465 4295 539 4342 csse
560 4270 727 4366 reliquias
747 4265 926 4340 Ecclesiae
949 4293 1044 4344 suane.
1109 4269 1212 4340 Nunc
1264 4267 1334 4338 mei
1356 4291 1436 4357 erga
1459 4265 1590 4336 amicos
1607 4279 1639 4336 et
1655 4288 1734 4356 erga
1753 4261 2027 4356 Rcmpublicam
2046 4267 2233 4360 cognovisse.

218 4391 396 4472 grassatur
409 4374 486 4444 istic
502 4367 672 4468 Lycaon
687 4373 869 4466 aliquanto
887 4384 965 4464 post
982 4387 1098 4443 metuo
1114 4365 1153 4440 Τ
1153 4395 1214 4439 ar·
1264 4369 1319 4440 Te
1332 4383 1425 4440 certe
1439 4383 1473 4438 et
1488 4379 1633 4458 propter
1648 4380 1745 4438 tuam
1760 4367 1925 4439 virtutem
1942 4371 2054 4440 dilexi
2070 4383 2105 4440 et
2120 4379 2235 4462 propter

220 4483 312 4554 citos
342 4475 513 4551 exercitus
542 4475 581 4542 in
613 4469 669 4542 bic
690 4475 776 4567 ipsis
801 4475 1005 4563 regionibus
1029 4486 1214 4562 vagaturus
1266 4473 1442 4562 publicam
1467 4468 1673 4552 utilitatem3
1713 4481 1881 4564 querele
1909 4493 1994 4556 oro,
2031 4496 2078 4542 ue
2104 4469 2235 4542 aninum

220 4608 312 4670 mss,
333 4581 399 4676 qui
413 4575 552 4648 etinusi
570 4575 720 4644 maiores
734 4577 910 4647 vastitates
922 4575 1069 4659 facient,
1097 4585 1213 4643 tamen
1266 4587 1366 4642 tuum
1393 4596 1413 4642 a
1440 4571 1544 4642 nobis
1571 4569 1765 4640 abalienari
1791 4570 1897 4642 sinas.
1961 4569 2173 4644 Falsissimis
2195 4591 2236 4636 u·

219 4687 322 4757 Dens
339 4679 535 4754 Ecclesiam
566 4699 666 4746 marn
695 4697 768 4744 non
793 4677 885 4746 sistet
908 4677 1070 4748 funditus
1094 4674 1216 4744 deleri.
1266 4673 1412 4742 himniis
1433 4695 1700 4764 oppugnamur,
1723 4685 1763 4742 ut
1778 4673 1981 4758 ostendam,
2009 4675 2073 4744 sed
2090 4675 2158 4744 scio
2173 4665 2236 4740 batt

219 4785 325 4858 Nunc
348 4803 490 4878 quoqne
508 4771 646 4850 Bada
667 4777 704 4843 iu
726 4767 944 4859 Pannonia,
969 4773 1125 4848 Ecclesia
1147 4799 1214 4867 pu-
1265 4773 1417 4842 malain
1441 4774 1511 4842 vita
1536 4767 1722 4842 hominum
1747 4773 1873 4842 usitata
1900 4797 1984 4842 esse.
2039 4771 2119 4844 Oro
2143 4785 2235 4840 auten

220 4909 298 4958 ram
311 4881 498 4976 Evangelii
518 4901 640 4952 vocem
666 4876 766 4946 audit
789 4897 913 4964 magna
935 4877 1153 4971 frequentia,
1178 4891 1214 4950 et
1266 4875 1402 4956 Dauni,
1435 4887 1474 4944 nt
1494 4871 1688 4943 Ecclesiam
1711 4896 1809 4942 suam
1833 4888 1963 4956 servet,
1998 4889 2036 4948 et
2059 4873 2236 4946 docentium

219 4985 327 5058 babet
338 4983 549 5080 Eslcyania.
600 4977 700 5049 ldem
715 4977 754 5046 fit
769 4977 809 5044 in
826 4977 947 5046 multis
966 4979 1046 5048 aliis
1065 4973 1211 5048 Panno·
1266 4977 1403 5046 animos
1426 4988 1569 5045 aeterno
1590 4975 1733 5044 foedere
1757 4975 1917 5066 copulet,
1948 4999 1989 5044 ac
2013 4977 2136 5060 faciat,
2159 4991 2191 5042 ut
2211 4969 2236 5036 in

219 5089 305 5160 nm
326 5087 488 5159 urbibus.
548 5079 603 5152 De
624 5075 816 5149 Smm‘w
840 5077 953 5162 belle,
986 5081 1081 5172 qued
1103 5081 1216 5150 mlta
1266 5077 1342 5170 ipso
1365 5101 1476 5146 unum
1500 5077 1621 5152 simus,
1673 5071 1727 5146 De
1745 5075 1923 5167 republica
1939 5072 2033 5146 stiltil
2052 5079 2136 5150 uovi
2152 5071 2236 5144 halr-

217 5189 397 5284 prodigia,
422 5201 456 5256 et
474 5209 548 5256 uon
562 5185 735 5276 obscurae
751 5194 930 5283 astromml
945 5179 1216 5268 significationes
1269 5217 1489 5231 -·--···-*

218 5291 499 5366 denunciarunt,
526 5285 675 5356 eaodem
696 5279 833 5352 retinto
854 5277 1082 5368 opinionem,
1095 5303 1213 5376 quam
1238 5326 1241 5344 .
1297 5271 1325 5340 ‘i
1336 5267 1518 5406 mpii-⁵:¹¹2
1523 5265 1904 5408 2iiiiffl,¹,¹,'‘i⁰1¹,',ff¹i'i⁸gt
1908 5275 2079 5392 epp&
2092 5260 2237 5410 sptem

217 5409 299 5469 aute
323 5415 434 5464 attnos
456 5387 592 5480 alittuot
617 5379 745 5454 habui:
777 5371 990 5470 νικήσουσιν
1013 5377 1050 5454 ui
1065 5371 1214 5485 dpsppo-
1334 5407 1412 5462 ,astat
1428 5403 1649 5476 tntttspcntau„
1941 5438 1946 5447 .

1263 3201 1291 3273 I
1297 3203 1450 3274 oanni
1482 3201 1767 3304 Aurisnhro,
1801 3203 1860 3298 (in
1890 3200 2094 3276 Academia
2120 3199 2227 3276 llorto

1675 3299 1844 3404 chiano.)
