4586 6224
207 283 286 358 607
767 261 1209 345 El‘ls'l'OlsAlthi
1266 263 1375 344 mn.
1400 263 1483 342 ΧΗ.
1535 261 1666 344 1550.
2140 264 2190 340 ill

209 451 436 530 Clarr'ssimo
450 445 546 532 viro,
572 435 774 520 eruditione
792 447 823 510 rt
843 437 972 510 virtute
985 433 1206 533 praestanti,
1447 429 1503 510 D.
1529 424 1778 504 Bureordo
1803 423 1858 501 M
1865 423 2046 502 ithabio

419 549 474 624 D·
501 544 540 620 Ρ
543 557 610 620 ‘¹'
617 570 638 616 ⁰
670 541 920 618 mmmm
946 547 1008 612 ‘¹⁶‘
1192 557 1197 566 ¹
1259 565 1308 654 S·
1333 585 1378 663 D.
1430 586 1634 661 Clarissime
1650 587 1707 659 vir
1729 601 1764 656 et
1780 585 1891 656 amice
1906 579 2111 670 charissime,
2127 579 2197 654 Rul-

211 691 260 779 S.
285 697 334 778 D.
381 697 569 772 Carissimc
592 693 707 768 Petre.
766 685 870 760 lubet
890 689 993 758 reddi
1014 685 1207 770 Hesiodus,
1258 687 1331 760 dita
1359 685 1726 762 est'mihirecentiss.
1751 683 1979 779 epistolatus
2007 685 2199 755 initiomemis
2262 733 2263 760 .

212 821 253 880 nt
269 799 482 882 meministi,
498 810 636 886 sumpta
654 805 778 863 mutuo
796 787 901 886 αὐτῷ
915 793 971 886 τῷ
985 783 1129 884 μέτρῳ,
1144 783 1207 860 καὶ
1258 789 1374 876 lunii,
1401 816 1482 862 cum
1496 815 1634 861 mecum
1654 783 1768 860 essent
1782 781 2025 860 Camerarius
2044 799 2074 855 ct
2095 785 2145 854 alii
2157 788 2198 854 do·
2262 775 2263 796 ¹

215 896 328 980 tutor
340 893 627 992 a’s'xsdrlrnas*).
679 891 758 964 Hoc
780 891 1139 982 ingenercmultoes
1161 889 1207 957 li·
1259 893 1308 964 eti
1326 892 1396 963 riri
1418 893 1521 963 multi
1545 893 1584 960 in
1600 891 1673 963 ritu
1687 891 1841 983 nuptiali
1859 890 1952 958 filiae
1968 911 2074 960 meae.
2117 883 2200 977 ltaque
2262 863 2263 917 l

216 1007 489 1099 beraliorquam
507 1017 582 1090 ego.
632 993 703 1066 Pro
719 994 809 1064 meis
835 991 965 1064 ieiunis
990 1007 1024 1062 ct
1040 990 1208 1060 brevibus
1260 995 1405 1066 eumad
1429 1017 1584 1063 mensam
1605 993 1780 1082 legeretur
1804 1017 1823 1063 a
1850 983 2064 1062 Camerario
2082 983 2202 1078 tueEpi·

215 1107 372 1204 epistolis
393 1103 502 1174 mittis
532 1115 565 1171 et
585 1095 792 1189 eloquenter
815 1094 961 1186 scriptas
985 1106 1021 1163 et
1039 1092 1208 1184 copiosas.
1260 1096 1347 1164 stola
1367 1095 1571 1185 gravissime
1593 1095 1742 1186 scripto,
1770 1108 1804 1166 et
1821 1093 2092 1164 consolationem
2109 1112 2203 1157 acton-

219 1211 339 1306 ltaque
359 1205 426 1276 tibi
449 1203 595 1294 gratiam
613 1193 746 1280 habco,
772 1209 807 1265 et
821 1219 885 1286 pro
903 1191 969 1264 hoc
987 1195 1063 1286 ipso
1079 1191 1208 1276 officio,
1261 1198 1439 1267 modatam
1473 1191 1529 1264 his
1554 1197 1774 1290 temporibus
1797 1196 2003 1286 continens,
2036 1213 2103 1260 non
2124 1190 2203 1258 soluo

216 1327 250 1390 et
272 1335 337 1404 ppo
360 1318 531 1402 perpetuo
555 1315 615 1370 tuo
639 1319 758 1367 amore
780 1319 861 1386 crgo
883 1319 951 1370 me.
1010 1291 1207 1388 Aliquanto
1261 1293 1372 1383 mihi,
1395 1297 1455 1367 sed
1474 1295 1547 1366 illis
1563 1321 1704 1392 quoque
1721 1297 1917 1388 gratissime
1934 1296 2004 1366 init
2024 1293 2081 1362 illa
2095 1285 2205 1362 tuelle·

215 1405 518 1487 minusdeiormis
536 1413 587 1472 est
604 1397 782 1470 Ecclesiae
803 1397 953 1489 species,
986 1419 1092 1489 quam
1112 1395 1209 1464 vides
1260 1407 1380 1468 storea
1404 1397 1530 1471 oratio.
1590 1395 1638 1469 Et
1661 1399 1705 1468 de
1729 1411 1790 1468 tua
1813 1399 1963 1480 virtute,
1998 1407 2032 1465 ct
2055 1392 2206 1462 emrditien

132 1553 138 1570 ν
215 1537 289 1585 esse
320 1505 609 1586 moestissimam,
643 1504 757 1570 donec
789 1499 894 1570 multi
925 1497 1038 1568 nostri
1071 1497 1209 1567 ordinis
1262 1496 1450 1570 honorifici
1476 1521 1655 1569 sermones
1678 1499 1789 1570 secuti
1812 1511 1906 1572 sunt.
1966 1495 2070 1568 Mitto
2089 1493 2144 1564 tibi
2163 1489 2205 1561 Ca

216 1611 504 1688 coniunctionem
538 1627 637 1674 suam
669 1613 824 1674 tuentur.
880 1597 954 1670 Nos
980 1599 1043 1692 qui
1066 1612 1102 1668 ct
1124 1593 1210 1666 haec
1261 1602 1481 1686 lendarium,
1514 1600 1578 1670 etsi
1614 1625 1633 1669 a
1667 1599 1763 1670 Filio
1796 1623 1938 1694 qnoque
1971 1597 2064 1666 mitti
2088 1594 2208 1664 arbitrer.

217 1707 509 1787 dulciorastudia
528 1727 704 1786 amamus,
730 1715 764 1772 et
786 1699 908 1770 ornari
925 1699 1124 1770 doctrinam
1139 1697 1211 1768 Ec·
1260 1700 1330 1773 Hic
1356 1699 1573 1774 Adulescens
1602 1695 1750 1770 Paulus
1783 1695 2094 1781 Smolcaldensis‚
2123 1719 2170 1764 seo
2191 1693 2208 1761 si
2260 1695 2262 1768 J

217 1816 342 1888 clesiae
356 1812 535 1904 cupimus,
558 1819 592 1876 ct
606 1829 688 1874 rere
704 1803 909 1872 invocamus
923 1799 1051 1885 Deum,
1067 1823 1143 1870 uon
1161 1799 1211 1868 si·
1262 1803 1374 1872 mavis
1388 1793 1649 1886 Chalcidicas,
1674 1799 1782 1896 (Nam
1798 1796 1991 1872 Lntherus
2016 1814 2048 1871 et
2071 1793 2209 1867 Eulaeus
2260 1827 2261 1876 3

218 1939 346 1988 namus
362 1905 511 1984 distrahi
526 1907 725 1978 voluntates
740 1915 878 1973 nostres
900 1915 1046 1994 propter
1059 1899 1210 1970 morosi·
1263 1898 1539 1974 Smalcaldiam
1559 1891 1778 1974 Chalcidem
1804 1898 2015 1998 vocabant,)
2038 1900 2146 1972 scribit
2161 1919 2210 1966 cer
2258 1892 2261 1918 '¹

217 2033 326 2092 tatem
348 2029 408 2096 aut
429 2001 671 2109 φιλονεικείας
694 2004 937 2097 quorundam,
977 2002 1038 2096 qui
1067 2003 1211 2095 plausus
1262 2031 1342 2075 meu
1356 2005 1526 2090 feliciter,
1553 2017 1588 2076 et
1604 2006 1739 2093 ingenii
1757 2027 1884 2074 venam
1909 2005 2064 2075 iudicare
2086 2025 2122 2072 ex
2137 1997 2211 2089 ipsius

219 2117 316 2208 vulgi
333 2127 486 2208 captant.
538 2107 607 2178 Dei
628 2103 798 2175 beneficio
822 2104 937 2174 studia
958 2103 996 2172 in
1019 2099 1209 2174 Academia
1264 2107 1423 2178 versibus
1441 2107 1584 2200 poteris.
1628 2105 1750 2178 Mores
1768 2107 1873 2176 etiam
1890 2107 2083 2176 bonisunt.
2128 2096 2212 2172 Sulci

215 2217 408 2290 mediocria
430 2235 503 2284 esse
527 2223 564 2280 et
585 2231 627 2277 cx
642 2201 697 2276 his
718 2205 880 2298 pagellis,
906 2228 992 2300 quas
1006 2205 1130 2290 mitto,
1155 2204 1212 2276 iu·
1263 2232 1351 2302 opus
1370 2222 1421 2281 est
1434 2209 1566 2278 auxilio
1583 2221 1729 2301 propter
1742 2221 1928 2300 parentum
1943 2206 2109 2300 inopiam.
2131 2199 2214 2289 Quae·

217 2319 363 2392 dicebis.
421 2309 703 2402 interpellabant
731 2307 858 2378 meite
887 2307 993 2378 multi
1025 2331 1140 2392 nnnc,
1171 2320 1214 2377 nt
1264 2335 1302 2380 sn
1321 2311 1442 2400 igitur,
1465 2323 1600 2380 utcurn
1620 2299 2213 2401 PrincipioptimevolentiEcclesiir

164 2475 170 2483 .
217 2433 397 2516 pertexere
413 2410 507 2485 hanc
525 2410 708 2504 epistolam
725 2433 800 2479 non
814 2409 1003 2502 potuerim.
1054 2405 1109 2479 Dc
1126 2430 1214 2478 con·
1264 2427 1298 2484 et
1311 2413 1416 2482 rectis
1433 2412 1560 2480 studiis
1575 2403 1735 2508 Papani,
1758 2412 1842 2505 qnia
1860 2412 1900 2480 in
1914 2411 1990 2480 eius
2006 2409 2133 2479 ditione
2145 2415 2215 2472 natm
2258 2441 2263 2479 ,

217 2537 328 2592 ventu
356 2514 582 2608 Augustano,
621 2511 722 2582 euius
764 2509 908 2580 exordia
944 2509 1108 2579 dicebant
1144 2504 1213 2578 hoc
1265 2526 1334 2596 est,
1355 2513 1591 2586 commendes.
1641 2513 1699 2582 De
1715 2513 1957 2585 consolatione
1973 2527 2035 2582 tua
2051 2499 2215 2599 gratiastibi

79 2636 89 2649 '
217 2645 339 2694 mense
366 2617 471 2690 lunio
491 2617 611 2685 sutura
635 2635 727 2692 esse,
752 2634 849 2680 nsrnc
864 2610 1008 2703 quidem
1032 2609 1213 2681 silentium
1265 2637 1349 2704 ago,
1373 2627 1407 2684 et
1422 2615 1558 2704 gaudeo
1572 2625 1669 2683 tuam
1682 2614 1892 2684 sententiam
1908 2637 1989 2682 cum
2008 2611 2216 2696 aliorumpm·

219 2737 282 2797 est.
315 2720 465 2790 Vicinus
477 2713 690 2807 Episcopus,
706 2711 769 2805 qui
784 2711 925 2782 tenebat
941 2708 1098 2795 Salinas,
1117 2733 1214 2780 mor·
1265 2717 1413 2786 dentum
1446 2715 1642 2785 amicorum
1675 2713 1817 2784 iudiciis
1849 2737 2056 2804 congruere.
2103 2707 2166 2780 Deo
2182 2703 2216 2772 iu·

219 2833 380 2894 eumest.
427 2811 592 2888 Murcblo
608 2812 722 2882 fillum
746 2811 785 2882 in
811 2814 932 2881 eadem
949 2811 1122 2882 ditionem
1139 2811 1213 2882 col·
1265 2829 1372 2885 rante
1393 2840 1515 2886 vocem
1538 2815 1739 2896 doctrinae,
1766 2839 1873 2908 quam
1896 2811 2068 2884 hactenus
2090 2803 2217 2880 mediocri

219 2927 419 2994 locaturum
441 2925 618 3008 sesperat.
669 2911 741 2984 Sed
765 2907 827 2982 has
849 2911 1080 3004 imperiorum
1104 2912 1214 3006 parti·
1265 2917 1382 2988 studio
1406 2918 1552 2988 recitare
1573 2931 1720 2988 conatus
1744 2939 1842 3002 sum,
1868 2931 1901 2988 et
1918 2913 2096 2987 iuventuti
2110 2907 2218 2981 fideliter

219 3025 335 3098 tiones
350 3035 387 3092 et
400 3019 551 3092 insulsas
567 3009 755 3086 hominum
773 3013 981 3108 cupiditates
1002 3037 1047 3083 ne
1067 3017 1215 3086 recitare
1266 3017 1415 3104 tradidi,
1431 3019 1565 3090 sonabo
1584 3041 1723 3111 semper
1737 3019 1897 3089 eandem.
1935 3013 1984 3088 Et
2004 3015 2219 3094 voluntasergs

218 3126 365 3222 quidem
380 3121 478 3194 libet.
529 3117 689 3190 Scribam
705 3113 791 3184 alias
806 3115 921 3207 plura.
973 3111 1072 3186 Bene
1088 3119 1165 3188 vale
1181 3131 1215 3188 et
1265 3117 1459 3192 Ecclesiam
1476 3121 1543 3191 erit
1560 3122 1694 3192 eadem.
1745 3117 1863 3188 Facile
1885 3119 2050 3204 estaliis,
2076 3115 2132 3210 qui
2151 3107 2218 3181 sels

219 3225 383 3300 rescribe.
434 3219 470 3294 5.
486 3217 599 3302 lunii,
624 3215 682 3286 die
697 3213 900 3286 Leuctricae
917 3239 1073 3307 pugnae,
1099 3241 1120 3287 a
1144 3242 1213 3313 qua
1266 3243 1362 3292 arces
1376 3221 1629 3291 munitissimas
1642 3219 1874 3300 abdiderunt.
1898 3221 2087 3290 vociferari
2102 3218 2140 3284 de
2158 3211 2219 3281 lina

221 3328 307 3409 tuni
329 3336 413 3396 mul
433 3325 479 3394 ad
500 3315 729 3398 h¹¹¹1219272
755 3317 886 3411 inquo
908 3319 1043 3410 praelio
1069 3319 1136 3389 scis
1159 3333 1215 3414 ty·
1267 3337 1379 3407 reste,
1405 3337 1439 3392 et
1456 3323 1633 3394 similibus
1649 3322 1815 3413 parergis.
1867 3319 2017 3393 Utinam
2033 3344 2089 3390 res
2105 3331 2221 3386 necrus·

221 3427 385 3500 renuidis
405 3437 441 3496 et
464 3422 667 3493 libidinum.
679 3441 810 3511 poenas
829 3420 967 3488 dedisse
981 3417 1217 3490 Lacedaemo·
1267 3425 1337 3494 rias
1350 3425 1581 3496 illustrarent.
1633 3421 1707 3500 Nos
1721 3425 1766 3494 de
1786 3423 1890 3494 rebus
1905 3423 2043 3512 magnis
2058 3433 2091 3490 et
2104 3433 2219 3487 neccsse

222 3531 313 3605 nios.
366 3525 489 3620 ltaque
505 3547 578 3593 non
596 3519 795 3592 existiment
813 3516 849 3592 οἱ
865 3517 1043 3616 ἀρχιερεῖς
1056 3521 1133 3592 sore
1149 3523 1220 3592 im·
1267 3523 1330 3596 riis
1350 3525 1450 3594 utilia
1474 3525 1678 3617 scripsimus
1695 3537 1730 3594 et
1751 3518 1867 3594 adhaec
1881 3524 2090 3606 scribimus,
2114 3539 2168 3590 nec
2184 3533 2222 3581 us

222 3631 366 3723 punitas
385 3649 465 3696 sasas
480 3622 685 3717 tyrannides
700 3634 737 3693 et
751 3621 931 3692 libidines.
983 3617 1218 3695 Oremusau-
1268 3649 1375 3720 qnam
1399 3626 1500 3718 plura
1524 3627 1654 3718 scripta
1674 3626 1841 3698 eduntur.
1890 3619 1939 3694 Et
1954 3625 2086 3718 quibus
2108 3623 2142 3689 in
2161 3611 2222 3708 pasl

224 3747 295 3802 tem
311 3729 423 3799 filium
438 3726 578 3804 Dei,ut
595 3748 661 3794 nos
675 3737 772 3814 regat
791 3737 825 3792 et
839 3723 943 3792 nobis
958 3723 1068 3810 adsit,
1085 3740 1119 3796 et
1134 3751 1218 3818 pro-
1268 3727 1482 3798 culieeimue
1499 3726 1856 3798 nonestobeeumm.
1907 3723 1976 3798 sed
2008 3749 2073 3796 ομ)
2088 3721 2224 3794 Βωωυῑ

225 3843 319 3921 tegat
335 3840 454 3898 coetus
469 3825 760 3896 studiacolentes.
788 3816 1047 3892 ExPosnania
1058 3829 1234 3897 nondum'
1269 3853 1334 3898 nos
1349 3841 1446 3918 regat
1461 3841 1495 3900 et
1510 3841 1627 3902 servet
1640 3824 1814 3898 Ecclesiae
1828 3849 1919 3903 suos.
1959 3825 2059 3897 Bene
2075 3823 2153 3894 vele.
2180 3811 2223 3886 llll

179 3939 183 3946 '
225 3930 345 4022 accepi
364 3927 502 4010 literas,
525 3923 608 4018 quia
623 3914 812 4018 Staphyla
832 3923 1017 4012 negocium
1039 3948 1218 3998 commen·
1268 3927 1305 4002 5.
1326 3927 1448 4002 lunii·

226 4031 326 4116 elavi,
352 4027 416 4124 qui
438 4023 647 4119 aliquandiu
670 4023 709 4091 in
723 4021 890 4093 Borussia
905 4041 1141 4098 commoratus
1157 4042 1218 4104 est.

226 4129 439 4206 Orationem
457 4140 555 4199 tuam
571 4124 628 4195 edi
643 4123 786 4195 curabo.
1273 4159 1764 4178 mm„

971 4217 1171 4316 Philippus.

1271 4319 1337 4392 No.
1353 4257 1466 4394 4735..
2143 4310 2224 4388 &1¹²

1278 4415 1449 4449 “d
2129 4399 2223 4432 Μ

1559 4501 1627 4590 Μ,
1658 4499 1990 4620 Meienllarps'o.

235 4672 447 4712 Μ
1084 4670 1218 4714 εον·-
1374 4660 1461 4735 ease
1477 4661 1526 4718 us.
1539 4663 1571 4716 r.
1588 4679 1616 4734 ρ.
1629 4661 1736 4735 esan.

245 4575 311 4650 No.
332 4567 448 4650 4735.
1103 4580 1137 4647 b.
1152 4573 1220 4642 lun.

562 4751 884 4840 B..Mttnntm.

802 4909 808 4922 Ι
1323 4811 1383 4889 M
1388 4811 1477 4891 tet.
1503 4811 1855 4912 Meienburgio,
1880 4811 2028 4888 consuli
2045 4803 2203 4905 Nortiae.

300 4911 388 4978 unua.
398 4915 446 4972 lib.
460 4913 493 4971 ll.
507 4931 536 4987 p.
549 4911 610 4970 843.
624 4909 679 4980 (esl-
691 4907 778 4968 Laud.
791 4907 837 4966 lsb.
849 4909 883 4966 ll.
898 4929 941 4983 ep.
952 4911 1037 4980 8⁴8.)-

235 5055 456 5078 ...-..--
1275 4953 1326 5042 S·
1351 4967 1400 5040 D.
1451 4964 1708 5038 Honestissima
1735 4967 1812 5051 vir,
1843 4977 1880 5035 ct
1911 4964 2023 5034 amice
2057 4953 2228 5034 charissim-

239 5083 298 5198 ,1)
315 5119 591 5192 mammo&
609 5117 727 5194 'wa
739 5114 788 5190 ῃ
803 5137 827 5178 v.
840 5119 891 5176 m
906 5138 949 5194 sq.
968 5119 1010 5190 tin
1029 5119 1072 5176 “L
1087 5123 1226 5193 nm)
1274 5068 1330 5142 De
1345 5067 1572 5162 Imperatoris
1588 5069 1716 5140 itinere
1731 5062 1802 5138 huc
1819 5066 1988 5160 scriptum
2003 5046 2228 5136 estexcolonis

300 5196 339 5250 sle
350 5211 379 5248 se
391 5191 506 5246 habeon
1278 5167 1492 5264 Agrippina,
1514 5195 1534 5240 a
1550 5172 1705 5264 quodam
1718 5182 1841 5239 nostro
1857 5166 2035 5252 auditore,
2051 5149 2227 5234 renissclffl·

336 5243 1122 5398 ⁸³,el*1¹¹¹pt'aff‘ffit2tggjf'ffipngg'uffflffl'*
1277 5286 1475 5364 perstarem
1492 5271 1659 5342 inlocum
1669 5271 1825 5340 vicinum
1838 5267 2025 5350 Coloniae,
2039 5279 2074 5336 ct
2090 5261 2180 5333 inisse
2190 5271 2227 5318 δ’

333 5346 546 5467 'simliter
557 5396 604 5452 sse
616 5399 645 5462 t.
657 5395 774 5472 eorm
786 5389 883 5470 ipssa
895 5394 986 5474 stom.
1278 5373 1512 5467 pectationcm
1528 5375 1702 5444 adventus
1718 5371 1794 5442 eius
1809 5365 1981 5442 Coloniae
1997 5367 2039 5437 iu
2057 5363 2152 5437 Festo
2163 5353 2226 5426 Ptfl·
