4592 6218
62 349 128 424 dtd
605 331 1045 414 EPISTOLARUM

1096 325 1207 410 mn.
1233 323 1318 404 Xll.
1371 324 1505 406 15601
2012 330 2090 406 ott

148 509 334 610 Lycaonis
347 491 486 585 furores
499 495 761 607 aliquantulam
776 507 926 601 repressi
942 521 1037 578 sunt.
1070 500 1161 593 panis
1181 497 1473 583 non'nber'rima,
1497 498 1627 591 passim
1647 509 1767 572 umen
1782 499 1919 594 aliquot
1940 501 2091 591 grandes
2151 589 2158 606 ι

62 621 136 694 ldeo
155 639 247 688 nunc
269 615 412 711 quidem
440 614 605 684 induciae
629 625 723 683 sunt.
783 609 831 682 Et
855 605 942 681 haec
964 633 1039 694 oca,

59 721 116 795 Dei
131 717 302 803 benelicio,
325 717 519 810 tranquilla
533 727 600 786 cst.
651 713 780 784 Noster
794 725 847 784 est
860 712 947 781 belli
962 711 1035 780 dis·

59 845 169 894 suasor
184 819 307 889 vicinis
323 819 430 890 stulte
446 817 680 890 incitantibus
694 837 788 888 eum.
839 811 949 886 Mitto
970 813 1036 882 tibi

57 921 253 1006 versiculos,
277 914 371 990 nihil
394 921 488 990 enim
511 913 684 990 habebam
707 914 892 988 recentius.
941 912 1038 984 Bene

57 1039 87 1096 et
104 1022 268 1093 loeliciter
283 1021 363 1092 vale
380 1043 460 1092 curn
476 1020 558 1093 tois.
607 1019 676 1092 Die
698 1016 809 1088 natali
826 1016 919 1086 tiliae
939 1037 1037 1086 meae

291 1115 312 1157 Ι

56 1123 281 1216 Magdalenae.
312 1119 340 1218 )·
554 1215 744 1314 philpppue
762 1209 988 1292 Melanthon.

61 1587 119 1666 No.
134 1586 247 1664 4760.
904 1585 957 1668 (b.·
977 1587 1019 1668 t.)

60 1687 259 1726 m
322 1765 434 1881 Cpb.
464 1763 760 1856 Stutdmioal.

110 1920 254 2006 apaa'tu.
269 1929 302 1984 ιι.
321 1929 418 2002 peso.
436 1927 492 1996 (aa
505 1926 594 1982 aona
608 1925 704 1982 usas.
722 1923 860 2000 eptas).

154 2065 211 2142 D.
238 2059 590 2164 Chrisloplsoro
615 2057 913 2136 Stathmions‘

50 2203 92 2287 S.
112 2213 155 2292 D.
205 2215 307 2301 Scis,
336 2214 426 2284 olim
448 2225 529 2284 ante
550 2211 718 2284 sacrificia
741 2235 827 2283 voce
857 2209 1038 2304 praeconis

50 2319 197 2387 exclusos
218 2341 297 2386 asse
322 2315 506 2408 profanos,
531 2311 632 2400 ἕκας,
663 2311 747 2394 iiras
768 2311 848 2385 ἔστι
869 2309 1037 2408 βέβηλοιι

50 2415 93 2488 lta
115 2419 276 2512 proiecto
298 2418 452 2501 indocti,
481 2417 549 2486 seri
572 2430 607 2487 et
631 2415 749 2506 legum
771 2439 812 2485 ac
831 2413 1038 2505 disciplinae

49 2533 303 2612 contemptores
319 2518 464 2590 arcendi
486 2531 587 2598 sunt,
613 2541 658 2587 ne
678 2540 801 2587 onlnes
816 2517 1038 2586 eruditorum

47 2623 302 2714 disputationes
322 2621 479 2694 audiant.
531 2619 665 2710 Scripsi
680 2632 780 2689 antea
798 2619 845 2688 ad
865 2631 900 2688 le
917 2618 1039 2686 doctos

49 2737 77 2794 ct
92 2747 212 2813 graves
226 2725 327 2792 viros
348 2745 449 2814 posse
465 2723 510 2791 de
523 2721 736 2814 quibusdam
758 2721 913 2790 materiis
928 2717 1038 2788 eollo-

47 2825 120 2920 qoi,
145 2821 289 2919 quassi
314 2824 479 2894 audirent
496 2823 563 2892 seri
586 2815 769 2912 homines,
794 2833 932 2891 tantum
956 2819 1039 2886 inde

48 2940 223 2998 sumerent
253 2925 474 2994 occasionem
507 2923 647 2992 laxandi
677 2925 796 2992 frenos
822 2919 1039 3012 disciplinae.

47 3023 107 3098 Sed
133 3023 314 3120 hospitem
336 3021 450 3096 habeo
464 3017 617 3094 les’um
641 3024 754 3094 lilium
770 3019 919 3093 Soas'nis'
940 3019 1038 3092 lure·

47 3131 192 3200 consulti
216 3123 471 3198 Bononiensis
484 3117 564 3224 ”),
594 3149 736 3216 gravem
764 3139 798 3196 et
818 3127 962 3194 doctum
985 3120 1039 3190 si-

46 3251 132 3314 mm,
155 3247 191 3303 et
207 3240 388 3300 amantem
401 3228 584 3299 doctrinae
599 3251 701 3296 verae
715 3228 759 3296 dc
771 3225 860 3312 Deo,
882 3225 911 3293 is
928 3225 1040 3314 legere

47 3343 141 3400 tuum
156 3333 334 3422 scriptum
352 3329 461 3424 cupit.
511 3325 560 3399 Et
575 3351 678 3420 spero
699 3323 765 3398 hac
787 3351 868 3398 eum
889 3327 1039 3396 lectione

45 3455 113 3500 non
135 3433 338 3505 abusumm
365 3453 449 3500 esse.
508 3427 593 3500 ldco
616 3443 650 3500 te
670 3454 755 3509 oro,
788 3441 828 3500 ut
850 3427 955 3499 nobis
980 3450 1042 3519 per

44 3534 214 3604 arsacium
233 3525 424 3602 Andrsam
438 3531 556 3602 mittas
571 3545 673 3603 tuum
688 3531 833 3606 librum.
884 3525 962 3619 Ego
975 3529 1040 3598 bo-

44 3657 84 3702 na
109 3635 178 3706 lide
201 3633 407 3718 remittant,
432 3647 469 3706 et
491 3634 621 3708 cavebo
646 3657 692 3702 ne
712 3633 835 3704 veniat
856 3630 896 3700 in
919 3629 1039 3724 populi

44 3757 176 3810 manus.
227 3735 364 3807 Filium
377 3727 546 3832 Appiani
558 3733 690 3824 optima
704 3747 830 3804 natura
844 3733 1039 3824 praeditum

42 3837 161 3926 diligo,
183 3851 323 3909 etcum
337 3835 457 3928 patris,
479 3849 555 3906 turn
572 3837 683 3928 ipsius
697 3859 800 3906 causa
817 3835 968 3926 optarim
986 3857 1042 3902 me

42 3935 72 4006 ei
84 3937 282 4028 gratificari
301 3959 412 4030 posse.
461 3934 559 4007 Bene
572 3937 649 4008 vale
665 3949 700 4007 et
714 3935 879 4007 rescribe.

915 4347 973 4410 22·
986 4337 1044 4404 lul.

907 4433 1042 4464 Μ

38 4337 103 4416 lto.
118 4339 244 4416 4761.

46 4437 226 4470 w

367 4519 435 4610 10.
463 4503 729 4608 Mattiaco.

102 4705 266 4782 mas.
281 4700 317 4760 ιι.
335 4697 618 4773 puteaco-m
632 4699 869 4772 tuscanas.

250 4857 309 4934 D.
332 4849 553 4932 Iohanni
571 4849 842 4930 Mattdesto

36 4999 86 5084 S·
108 5011 160 5086 D.
214 5005 432 5082 Reverende
453 5003 511 5074 vir
530 5013 565 5074 et
588 4999 795 5074 charissime
812 4965 941 5090 trater,
956 5003 1047 5074 *Scis

31 5117 134 5208 qsnd
153 5107 328 5184 &atam
341 5107 391 5181 ita
404 5104 505 5204 pingi
520 5101 736 5191 Ecrluisffl,
757 5108 845 5178 atsi
866 5107 907 5178 in
924 5105 1046 5178 vissdc-

67 5403 102 5470 δ)
122 5405 210 5458 Αιιιι.
230 5399 309 5460 1650.
323 5401 376 5458 slis
392 5419 476 5458 nsua
493 5400 647 5476 atalpero
662 5409 714 5458 sst.

66 5489 121 5558 θ)
143 5487 216 5544 Vid·
234 5487 362 5558 spbtssd
379 5487 556 5563 unugma.
573 5488 601 5548 d.
617 5487 648 5544 d.
665 5487 705 5544 ts
723 5487 778 5545 sat.

1089 625 1179 672 uvae
1198 600 1441 694 reperiantur,
1459 611 1495 670 ct
1510 600 1601 670 dicat
1618 601 1766 672 colonus
1781 623 1856 672 esse
1870 601 2091 674 bencdictio-

1090 725 1172 773 nem
1185 703 1358 776 divinam.
1392 699 1444 770 lta
1460 725 1559 772 nunc
1572 698 1641 770 Dei
1654 701 1837 788 beneficio,
1862 704 1929 774 etsi
1944 725 2092 794 magnas

1089 816 1173 874 sunt
1191 799 1370 874 Ecclesiae
1391 801 1625 888 calamitates,
1650 815 1686 874 et
1705 803 1746 872 in
1766 804 1900 876 nostris
1921 803 2092 878 Ecclesiis

1090 906 1197 976 etiarn
1214 903 1320 974 malti
1335 915 1420 974 aunt
1435 903 1554 994 ignavi
1571 915 1611 974 et
1620 904 1721 974 mali:
1743 919 1860 974 tamen
1878 907 2008 998 passim
2022 907 2091 976 ali·

1089 1021 1178 1099 quot
1200 1019 1284 1076 sunt
1310 1027 1399 1076 uvae
1420 1005 1537 1074 bonae
1562 1017 1598 1076 et
1621 1005 1760 1085 dulces,
1792 1006 1957 1080 videlicet
1976 1007 2091 1101 aliqui

1090 1106 1244 1177 ministri
1266 1105 1472 1196 Evangelii,
1503 1105 1574 1196 pii,
1605 1106 1744 1191 fideles,
1778 1107 1931 1188 eruditi,
1964 1122 1998 1184 et
2026 1108 2090 1202 qui

1089 1231 1218 1280 ornare
1231 1205 1467 1298 Evangelium
1485 1206 1592 1276 bonis
1606 1207 1766 1280 moribus
1781 1213 1935 1280 student.
1981 1207 2090 1282 Tales

1090 1311 1208 1380 indico
1225 1321 1262 1380 et
1273 1301 1341 1380 hos
1355 1310 1446 1378 duos
1459 1301 1677 1378 Salutarem
1698 1323 1733 1382 et
1750 1305 1964 1380 Donatum:
1989 1335 2089 1384 com·

1089 1409 1166 1502 peri
1187 1423 1282 1480 certe
1311 1433 1371 1480 cos
1398 1422 1493 1480 recte
1516 1409 1682 1480 didicisse
1706 1434 1880 1482 summam
1903 1411 2090 1487 docuioae

1089 1509 1373 1596 Ecclesiasticae,
1398 1523 1434 1582 et
1450 1512 1587 1601 gaudeo
1603 1511 1735 1584 alicubi
1752 1513 1839 1584 tales
1852 1513 1954 1604 fungi
1977 1513 2090 1584 mini-

1089 1613 1216 1698 sterio,
1242 1614 1375 1684 acDeo
1391 1611 1520 1702 gratias
1533 1633 1617 1702 ago,
1642 1617 1739 1706 quod
1758 1614 1876 1690 mittat
1888 1615 1927 1684 in
1940 1637 2089 1689 messem

1089 1737 1189 1785 suam
1205 1707 1364 1812 ἐργάτας
1378 1713 1546 1793 idoneos,
1573 1737 1727 1808 cumque
1748 1739 1813 1786 oro
1827 1729 1868 1788 ut
1886 1739 1953 1786 nos
1966 1737 2091 1789 omncs

1090 1817 1274 1906 gubernet.
1318 1815 1428 1886 Mitto
1444 1814 1511 1884 tibi
1528 1815 1718 1904 pagellam,
1742 1839 1831 1908 quae
1844 1818 2006 1896 latrorum
2021 1841 2090 1888 no-

1090 1931 1245 1988 strorum
1281 1915 1454 1987 iudicium
1490 1917 1661 1990 continet.
1726 1914 1846 1990 llodie
1885 1919 2091 1996 audivimtss

1095 2015 1135 2090 V
1133 2015 1313 2089 attensem
1328 2016 1373 2088 N.
1387 2017 1450 2112 qui
1468 2017 1706 2088 eruditissime
1726 2018 1765 2088 iu
1786 2021 1948 2090 doctrina
1965 2015 2090 2090 Eccle-

1090 2121 1163 2189 siae
1183 2133 1220 2192 et
1247 2119 1417 2190 omnibns
1440 2119 1599 2210 partibus
1620 2115 1874 2212 Philosophiae
1895 2121 2090 2211 respondit.

1089 2219 1187 2292 Dens
1213 2234 1353 2291 taceatur
1370 2215 1464 2290 hanc
1486 2219 1709 2304 doctrinam,
1734 2222 1850 2292 susdia
1873 2235 1909 2293 et
1928 2221 2090 2312 discipli-
2142 2259 2150 2272 ·

1092 2347 1185 2395 nam.
1238 2319 1279 2390 ln
1301 2315 1367 2392 hac
1383 2319 1514 2390 sicinio
1529 2315 1648 2392 adhuc
1668 2323 1909 2415 tranquillitos
1930 2336 2001 2406 est,
2026 2325 2089 2396 sed

1094 2417 1250 2518 Lycaon
1265 2422 1325 2491 ille
1343 2422 1479 2492 vicinos
1494 2421 1632 2492 lacessit
1645 2423 1754 2492 variis
1771 2423 1897 2494 modis.
1932 2424 1985 2494 Te
2001 2447 2089 2514 roqo

1091 2540 1127 2596 ut
1145 2548 1249 2615 saepe
1265 2524 1415 2608 scribas,
1441 2523 1645 2614 praesertim
1662 2549 1743 2594 cum
1760 2527 1803 2618 at!
1822 2549 1886 2594 vos
1900 2549 1941 2594 ex
1957 2519 2090 2616 Augu-

1089 2634 1149 2696 sta
1165 2625 1275 2696 multa
1289 2626 1502 2700 scribantur.
1552 2621 1650 2694 Bene
1663 2623 1758 2714 vale,
1782 2625 1840 2696 die
1861 2627 1924 2702 22.
1942 2623 2040 2700 lotii.

1105 2968 1171 3041 No.
1184 2967 1302 3042 4762.

1099 3067 1313 3105 ”me

1150 3106 1154 3114 v

1947 2981 2009 3074 Ι21.
2027 2979 2089 3050 lut.

1952 3076 2088 3104 Μ

1364 3149 1429 3236 Α.
1456 3151 1822 3266 Hardcndcrgs'o.

1158 3326 1229 3399 Epp.
1236 3321 1487 3465 9a⁷dsqlardeuherqs
1504 3324 1604 3400 epit
1638 3325 1728 3384 Elian
1747 3329 1777 3384 in
1794 3327 1911 3386 Peuusri
1929 3333 2009 3384 teret.
2027 3323 2090 3380 tiss.

1195 3417 1223 3468 p.
1315 3433 1327 3454 .

1270 3549 1327 3624 D.
1351 3547 1550 3624 Attrrto
1573 3544 1909 3648 Hardebergs'o.

1092 3687 1142 3775 S.
1164 3698 1212 3772 D.
1262 3697 1474 3772 Reverende
1495 3699 1552 3770 vir
1574 3713 1609 3772 et
1631 3701 1811 3772 carissime
1837 3703 1957 3776 trater.
2008 3700 2091 3772 Non

1093 3803 1123 3872 si
1139 3815 1277 3872 tantum
1294 3802 1445 3880 sundere
1458 3796 1720 3897 lachrymarum
1736 3825 1893 3894 possem,
1918 3817 2091 3898 quantum

1094 3903 1209 3974 voluit
1227 3905 1406 3976 undarum
1425 3917 1488 3974 aut
1509 3897 1570 3974 hic
1589 3915 1711 3979 noster
1726 3903 1832 3976 Albis
1852 3919 1914 3978 ant
1929 3904 2093 3996 Visurgis

1093 4019 1209 4076 restet
1226 3999 1353 4092 isthic,
1376 3999 1557 4076 exhauriri
1580 4029 1682 4078 meus
1702 4005 1808 4078 dolor
1826 4019 1962 4098 posset,
1985 4029 2092 4102 quem

1093 4107 1304 4178 circumfero
1319 4107 1392 4180 iam
1411 4107 1545 4182 mtsltos
1555 4132 1673 4182 annos
1685 4122 1833 4202 propter
1845 4107 2033 4178 dissidium
2045 4108 2093 4178 de

1094 4233 1133 4282 re
1145 4209 1319 4298 maxima,
1343 4211 1390 4280 de
1403 4233 1473 4302 qua
1488 4211 1627 4282 scribis.
1676 4203 1751 4280 Nec
1767 4210 1992 4285 dubitatione
2008 4233 2092 4292 cru-

1095 4311 1190 4396 cior,
1212 4335 1294 4382 cum
1316 4310 1539 4406 antiquitatis
1553 4309 1724 4381 sententia
1741 4310 1786 4381 sit
1801 4311 2004 4380 manifesta:
2029 4311 2090 4378 sed

1094 4411 1220 4484 dolore
1245 4413 1380 4502 ingenti
1406 4411 1609 4496 excrucior,
1636 4411 1733 4504 quod
1757 4411 1862 4481 multi
1890 4425 2027 4482 tantum
2049 4433 2093 4479 ex

1095 4514 1352 4598 consuetudine
1367 4511 1545 4594 indicant,
1568 4535 1635 4579 nec
1652 4510 1864 4604 inquirunt,
1886 4512 1973 4608 qnid
1990 4525 2094 4581 retus

1095 4611 1254 4688 Ecclesia
1268 4612 1437 4696 senserit,
1460 4613 1521 4680 sed
1543 4605 1653 4682 notha
1670 4613 1890 4694 testimonia,
1915 4625 1950 4683 et
1971 4635 2092 4704 sparsa

1097 4715 1323 4798 mirabilibus
1354 4711 1561 4806 imposturis
1589 4713 1776 4808 arripiunt.
1826 4711 1869 4782 ln
1895 4705 2096 4810 Theophp·

1096 4817 1190 4888 lacto
1210 4807 1525 4912 oecolampadius
1544 4815 1673 4917 vertit,
1700 4815 1798 4912 qnod
1824 4814 1863 4883 in
1884 4837 1951 4888 suo
1970 4815 2094 4886 rodim

1007 4927 1023 4940 “
1096 4915 1253 4998 inuenit,
1278 4941 1360 4987 curn
1378 4917 1589 4988 sententiam
1613 4931 1732 4986 tamen
1754 4939 1979 5012 nequaquam
2005 4941 2094 5010 pro-

1097 5019 1209 5092 baret.
1257 5013 1354 5113 Δι’)
1368 5019 1407 5087 in
1422 5031 1546 5089 nostro
1561 5019 1682 5088 codice
1699 5041 1772 5088 non
1789 5033 1889 5088 eraut
1905 5017 1967 5090 illa
1983 5020 2093 5088 verba

1097 5121 1143 5190 de
1157 5121 1540 5204 transelementatione.
1596 5115 1738 5192 Possem
1755 5119 1867 5190 multa
1885 5121 2034 5192 recitare
2046 5121 2094 5190 de

1096 5235 1259 5302 veterum
1270 5222 1395 5309 dictis,
1418 5219 1708 5316 quindiligentcr
1721 5219 1892 5316 inquisivi
1906 5221 2095 5318 utriusque

1131 5485 1336 5560 arma
