4586 6224
233 355 309 436 567
793 347 1231 426 EPISTOLARUM
1281 351 1391 429 LlB.
1418 350 1500 428 x11.
1556 351 1688 432 1550.
1898 384 1915 404 ·
2169 357 2217 436 stt

234 528 372 621 egregia
388 527 434 601 ad
449 525 618 600 virtutem
633 527 669 598 cl
682 527 727 596 ad
744 527 927 598 doctrinae
948 526 1083 604 studia,
1110 538 1146 594 ct
1160 522 1234 593 exi·
1287 551 1388 597 meos
1420 547 1468 598 ex
1501 549 1615 596 manu
1651 546 1742 595 mea.
1792 520 1919 618 ltaque
1951 525 2061 595 studia
2089 525 2222 600 literamn

234 634 339 704 stimo
355 629 576 722 cipruluisse
592 623 699 699 huius
715 627 927 698 Academiae
942 621 1146 722 ἀκροάσεις.
1181 624 1235 695 De
1288 643 1462 726 quantum
1477 627 1574 700 Deus
1590 629 1770 712 concedit,
1792 628 2010 696 adiuvemus.
2054 625 2145 700 Mitto
2155 629 2185 704 C.
2195 631 2223 706 l'.

233 731 391 826 Republ.
405 745 542 802 certum
560 744 612 802 est
626 732 746 800 nullos
767 731 945 800 bellorum
960 733 1149 821 adparatus
1163 751 1236 795 esse
1287 733 1444 826 exempla
1468 730 1719 824 disputationis
1735 729 1782 801 D.
1799 723 1971 798 Pastoris
1986 725 2144 800 Ecclesiae
2159 725 2224 828 Lip

234 835 275 904 in
298 831 365 906 hae
388 832 674 902 nostia'vin'nia.
726 827 899 901 Albcrtus
923 823 1112 900 Marchio·
1127 830 1238 899 colla·
1286 833 1394 908 sicae.
1446 831 1552 904 Tales
1579 833 1755 903 editiones
1783 843 1818 903 et
1840 831 2011 901 erudiunt
2035 831 2225 916 lectoren,ct

235 950 337 1028 geret
364 934 500 1029 equites
527 946 722 1016 trecentos,
753 937 814 1003 sed
845 928 912 1002 hos
940 957 1064 1004 rursus
1090 931 1235 1004 dimisit.
1287 939 1382 1028 apud
1413 930 1576 1004 homines
1603 937 1819 1014 mediocres,
1854 933 2010 1004 refutant
2037 929 2227 1028 sycophantias

234 1035 310 1110 Nec
326 1035 579 1128 Imperatorem
595 1037 797 1106 existimant
811 1049 994 1106 moturum
1010 1058 1082 1103 esse
1100 1035 1235 1102 bellum
1287 1039 1507 1124 vicinorum,
1533 1039 1594 1131 qui
1610 1038 1769 1129 profecto
1791 1036 1943 1104 nimium
1960 1059 2021 1104 sua
2037 1036 2174 1106 libertate
2187 1038 2226 1106 al

236 1135 486 1222 Saxonicum,
511 1138 578 1207 etsi
594 1161 659 1208 uec
673 1133 845 1218 Italicis,
868 1161 933 1206 nee
950 1131 1115 1207 Gallicis
1130 1137 1237 1204 rebus
1287 1153 1449 1213 utuntur,
1501 1135 1579 1209 Oro
1601 1152 1719 1209 autem
1736 1135 1870 1208 Filium
1891 1138 1981 1222 Dei,
2005 1133 2177 1206 Dominum
2188 1161 2229 1206 no

236 1241 443 1334 impeditur·
493 1237 562 1310 Sed
590 1240 663 1309 lata
691 1263 773 1309 eum
800 1261 862 1310 sua
891 1252 1029 1329 regunt.
1080 1237 1121 1308 si
1150 1237 1235 1330 quid
1287 1256 1399 1313 strum
1429 1239 1544 1310 lesum
1567 1235 1768 1324 Christum,
1801 1238 2007 1308 crucifixum
2030 1261 2092 1330 pro
2112 1237 2192 1308 nobis
2209 1255 2230 1308 ct

235 1347 354 1414 antem
376 1341 446 1412 erit
459 1335 691 1410 inSoxonio
710 1341 864 1426 bellum,
887 1341 1031 1412 initium
1049 1340 1117 1410 crit
1136 1341 1238 1408 furor
1287 1347 1551 1429 resuscitatum,
1575 1355 1616 1413 ut
1630 1339 1826 1412 Ecclesiam
1850 1341 1919 1410 sibi
1943 1341 1981 1410 in
2003 1335 2060 1409 his
2078 1339 2231 1430 regionibns

235 1437 441 1540 Lycaonis,
467 1443 531 1538 qui
546 1443 724 1512 civitatem
739 1445 871 1536 optime
888 1456 1060 1514 moratam
1076 1441 1237 1510 iniustis-
1287 1469 1425 1538 semper
1445 1445 1606 1534 colligat,
1639 1458 1673 1514 ct
1696 1443 1798 1512 in'ea
1823 1439 1864 1516 C.
1883 1439 1928 1516 V.
1949 1456 1985 1514 et
2010 1465 2074 1514 nos
2098 1453 2191 1512 servet
2208 1463 2232 1509 ac

237 1548 324 1619 sime
341 1545 469 1618 irritat.
502 1543 879 1636 Moveorcogitatione
895 1547 1087 1616 multarum
1104 1567 1237 1626 rerum,
1287 1563 1396 1641 regat.
1456 1539 1614 1644 Lipsiae
1630 1546 1763 1618 dicet.
1782 1541 1919 1619 Martii.

235 1663 278 1720 ut
306 1647 512 1740 impendere
539 1669 684 1734 magnos
710 1648 880 1718 tumultus
907 1647 1112 1717 existimem.
1164 1643 1236 1714 Cu-

235 1751 423 1820 mulantuc
445 1743 632 1818 hominum
653 1761 811 1841 peccata,
836 1761 870 1819 et
892 1751 1050 1830 furores,
1076 1741 1237 1818 καὶτῶν
1346 1785 1357 1795 ··

237 1843 477 1926 διδασκάλων
492 1844 737 1942 διχοστασίαι,
754 1865 790 1922 et
803 1875 893 1920 nova
908 1851 1070 1942 prodigia
1085 1848 1236 1918 subinde
2266 1819 2267 1912 l

237 1954 467 2028 nunciantur.
516 1949 640 2045 Nuper
663 1953 702 2021 in
724 1954 813 2023 urbe
834 1944 1033 2022 Northuso
1056 1952 1174 2019 infans
1199 1950 1236 2019 in
1290 1921 1482 2050 Q·
1928 1935 1987 1998 23·
2013 1924 2100 1992 Mart.
2121 1921 2220 2006 thll‘⁴
2265 1915 2267 2022 l

106 2145 109 2152 Ι
236 2070 338 2126 utero
364 2050 584 2124 horrendum
609 2056 768 2144 vagitum
793 2055 885 2122 clare
907 2053 1030 2126 edidit
1082 2048 1237 2122 Orcmus
1569 2115 1578 2132 ,
1896 2019 2231 2062 W

237 2173 355 2229 autem
384 2155 518 2226 Filium
539 2153 627 2240 Dei,
660 2171 701 2227 ut
729 2167 844 2226 servet
870 2156 1037 2250 reliquias
1059 2151 1236 2224 Ecclesiae
1512 2113 1640 2200 Hm·
1669 2111 2062 2223 Baumgarmw·

238 2283 342 2344 suae,
369 2271 405 2328 et
419 2256 536 2327 studia
554 2257 737 2328 doctrinae
753 2281 826 2328 non
843 2258 936 2328 sinat
953 2257 1129 2348 extingui.
1161 2253 1237 2326 Vos
1356 2287 1440 2361 393,
1459 2286 1507 2345 tib.
1520 2287 1570 2342 vg
1594 2302 1620 2355 ρ,
1637 2283 1687 2338 tes
1707 2303 1748 2358 ,sp
1790 2283 1904 2342 &nauti
1927 2285 2115 2360 ,mmm
2136 2283 2160 2339 g,
2177 2280 2237 2339 odo
2266 2309 2267 2344 ,

238 2385 380 2456 quoque
397 2359 459 2454 qui
476 2357 633 2428 consiliis
651 2361 802 2452 publicis
819 2360 1014 2446 interestis,
1039 2359 1154 2429 studia
1172 2357 1236 2425 do-
1391 2357 1544 2414 Mfflssl·
1563 2353 1663 2428 effi·
2266 2369 2267 2372 ’

237 2464 392 2542 ctriuae,
418 2461 481 2531 ubi
507 2461 652 2552 potestis
670 2462 799 2536 iuvate.
850 2460 892 2531 ln
907 2459 1096 2531 Academia
1117 2474 1236 2528 nostra

236 2565 304 2636 Dei
328 2563 516 2648 laencficio,
543 2577 576 2634 et
599 2589 666 2634 vox
687 2565 869 2636 doctrinae
894 2565 1015 2632 eadem
1034 2575 1102 2645 est,
1128 2585 1235 2652 quam

237 2665 425 2750 audivisti,
450 2679 484 2736 et
498 2665 537 2734 in
550 2661 708 2736 Ecclesia
722 2667 812 2736 ritus
828 2666 949 2738 iidem.
1001 2659 1050 2733 Et
1064 2662 1237 2732 servimus
1287 2653 1336 2741 S.
1360 2661 1405 2735 D.
1455 2655 1605 2736 Lasari
1631 2665 1834 2757 ingenium,
1859 2665 2092 2752 modestiam,
2116 2657 2238 2734 eruditio

238 2767 368 2837 vicinis
389 2763 557 2838 Ecclesiis
577 2768 749 2836 mediocri
774 2765 997 2844 assiduitate,
1031 2787 1071 2833 ac
1094 2785 1236 2832 oramus
1288 2793 1369 2839 nem
1386 2781 1420 2838 et
1437 2743 1600 2860 pietate‘m
1617 2769 1721 2838 valde
1744 2769 1876 2860 probo,
1902 2779 2009 2862 teque
2035 2791 2117 2852 oro,
2138 2777 2172 2834 ut
2188 2783 2238 2852 pro

237 2869 372 2955 Deum,
404 2883 444 2939 ¹11
470 2892 536 2938 ¹¹⁰⁸
559 2869 713 2958 adiuvet·
780 2867 831 2937 lit
852 2891 907 2938 1⁸³
927 2867 1003 2960 ipsa
1025 2868 1156 2936 refutat
1178 2889 1237 2936 ca·
1288 2887 1365 2966 pter
1389 2894 1446 2954 eas
1470 2871 1616 2944 virtutes
1642 2883 1682 2941 tu
1700 2893 1841 2964 quoque
1858 2882 1893 2940 et
1908 2867 2152 2964 complectaris
2164 2865 2239 2956 ipsu
2264 2929 2265 2932 ,

237 2972 411 3058 lumnias,
443 2993 531 3066 quas
556 2971 687 3064 spargit
713 2961 884 3043 Rarius,
943 2963 991 3038 Et
1015 2993 1095 3038 cum
1118 2962 1236 3036 absol·
1288 2988 1322 3045 et
1335 2967 1522 3067 provehas.
1572 2969 1754 3064 Eligamus
1769 2971 1865 3041 bona
1880 2971 2045 3062 ingenie,
2071 2963 2241 3066 qanectdo

237 3098 322 3146 vero
352 3097 409 3144 eas
438 3096 580 3166 operas,
610 3096 697 3166 quas
723 3096 818 3144 nunc
847 3072 884 3140 in
911 3069 1077 3142 manibus
1107 3063 1233 3158 habeo,
1287 3075 1389 3147 cendi
1405 3077 1527 3146 labore
1542 3089 1576 3145 et
1589 3069 1942 3170 precibusEcclesiae
1955 3075 2124 3166 prodesse
2139 3065 2241 3162 possint

237 3175 338 3248 etlam
357 3189 391 3245 et
411 3175 484 3267 ipsc
505 3175 767 3248 refutationem.
819 3171 872 3271 Te
896 3197 980 3260 oro,
1004 3187 1045 3243 ut
1061 3173 1235 3242 amicitiae
1287 3193 1321 3250 ec
1343 3191 1504 3272 petamus
1532 3201 1572 3248 ac
1598 3191 1818 3269 expectemus
1841 3175 2019 3246 auxilium
2050 3197 2071 3246 e
2095 3172 2178 3246 Filio
2193 3163 2266 3270 liti¹

236 3291 376 3348 nostrae
391 3301 528 3346 memor
539 3278 598 3368 sis.
651 3273 721 3345 Pro
740 3273 950 3346 muneribus
973 3275 1088 3344 missis
1111 3275 1184 3343 lilio
1202 3289 1235 3344 ct
1285 3279 1378 3352 Nam
1397 3293 1570 3374 quantum
1591 3279 1752 3374 undique
1775 3277 1821 3348 sit
1843 3271 2025 3366 hostium,
2049 3301 2103 3351 res
2122 3264 2266 3345 ostendit

237 3381 348 3460 filiae,
379 3403 458 3450 meo
491 3393 524 3449 et
553 3379 710 3472 ipsorum
740 3367 887 3446 nomine
913 3377 980 3447 tibi
1004 3377 1131 3466 gratias
1159 3401 1235 3466 ago.
1286 3379 1404 3452 Patria
1427 3375 1535 3453 habet
1560 3381 1747 3452 intestinos
1767 3393 1903 3466 motus,
1928 3393 1965 3452 et
1988 3379 2096 3452 aiunt
2110 3364 2243 3450 caratam

237 3481 336 3551 Bene
362 3495 396 3550 et
420 3473 569 3550 feliciter
597 3479 685 3552 vale.
737 3475 806 3549 Die
826 3477 966 3550 Coenae
994 3477 1078 3548 Filii
1106 3475 1174 3548 Dei
1197 3482 1235 3546 in
1287 3483 1427 3554 Patrem
1444 3485 1535 3552 valle
1550 3481 1818 3572 gubernationis
1831 3506 1914 3552 suae
1926 3473 2242 3578 xmampopipesst

237 3575 449 3667 Bethania,
475 3583 538 3651 ubi
553 3581 678 3651 effudit
694 3581 821 3650 mulier
839 3595 1059 3672 unguentum
1077 3579 1115 3649 in
1129 3581 1235 3672 pedes
1286 3585 1446 3657 etlilium
1462 3577 1646 3679 πρότασιν1
1660 3585 1746 3654 novi
1767 3585 1888 3674 regni,
1915 3585 2133 3655 deletionem
2148 3587 2244 3649 noun

237 3683 324 3754 Filii
346 3683 414 3758 Dei
435 3679 534 3778 ,πρὸς
555 3679 598 3754 τὸ
625 3681 845 3775 ἐνταφιᾶσαι
869 3679 1003 3770 αὐτὸν,
1039 3696 1077 3752 ut
1100 3681 1234 3776 inquit:
1287 3709 1383 3757 mm·
1406 3681 1658 3762 Ecclesiamm.
1715 3685 1966 3782 Undecunque
2010 3682 2099 3757 haec
2140 3657 2266 3752 consital

237 3781 385 3858 Utinam
415 3785 566 3878 pedibus
593 3781 677 3855 lilii
702 3783 771 3854 Dei
802 3809 876 3854 non
899 3785 982 3854 duri
1004 3797 1118 3856 essent
1138 3809 1235 3856 nuuc
1286 3791 1453 3860 oriuntur
1476 3791 1513 3858 in
1531 3783 1598 3860 lanc
1618 3789 1690 3858 fine
1706 3787 1851 3873 mundi,
1877 3789 2042 3879 ingentes
2065 3777 2245 3858 dilaceratis

237 3889 491 3982 gubernatores
507 3902 543 3960 ct
557 3887 620 3958 alii
634 3887 800 3958 florentes
814 3887 982 3978 potentia.
1285 3916 1349 3964 nes
1363 3893 1567 3984 impendere
1579 3893 1760 3977 videntur,
1784 3890 1880 3962 inter
1896 3913 1985 3984 quas
2002 3889 2120 3962 Filius
2132 3884 2190 3959 Dei
2199 3899 2244 3950 sn·

1286 4007 1345 4068 vet
1358 4017 1441 4080 nos,
1466 4007 1507 4066 ut
1521 3995 1675 4066 servavit
1690 4007 1760 4064 tres
1774 3991 1870 4062 viros
1884 3992 1925 4064 in
1936 3995 2088 4066 fornace
2100 3987 2244 4062 Chaldaea

1284 4096 1378 4170 Nam
1408 4097 1583 4190 praesidia
1614 4091 1769 4180 humana
1799 4095 1898 4168 atella
1927 4089 2116 4182 babemus.
2162 4087 2266 4176 Nuper,

236 4233 305 4304 No
322 4233 437 4309 4695·
907 4249 965 4311 2¹·
986 4239 1075 4304 Mam
1098 4199 1222 4324 Lipsiae
1286 4201 1446 4293 captivus
1461 4201 1608 4293 quidam
1623 4222 1664 4270 ex
1680 4220 1818 4270 carcere
1841 4192 1931 4266 ntihi
1953 4191 2045 4268 haec
2070 4195 2171 4266 verba
2189 4183 2244 4308 scri·

244 4327 417 4358 *Ν
835 4347 838 4354 -
879 4291 1233 4376 xmae'
1283 4305 1367 4396 psit,
1391 4298 1476 4376 alda
1490 4299 1547 4372 ὅτι
1564 4299 1655 4374 ὄντα
1670 4297 1776 4398 λέγω,
1804 4289 1947 4390 alatiano
1965 4303 2101 4396 φωνῆς
2116 4291 2245 4394 ciyyalst

438 4419 638 4533 a...
658 4421 816 4506 a...
837 4418 1034 4506 Ante·
1147 4492 1152 4506 ·
1279 4395 1789 4600 flascas.
1806 4395 2247 4582 statuisset

306 4591 393 4667 ΕΡΜ·
411 4593 460 4650 ¹¹¹²·
475 4592 509 4650 ¹¹·
525 4613 555 4668 t·
565 4593 629 4650 ²⁸¹·
647 4591 811 4663 (ΜΝ
825 4595 872 4650 tit.
886 4593 921 4665 ¹¹³
939 4592 1082 4671 spese).
1284 4632 1402 4682 rerum
1418 4609 1608 4696 significari
1624 4531 1797 4698 catislirpo.
1818 4689 1822 4697 ,
1839 4558 1937 4698 Eenp
1958 4580 1999 4678 et
2010 4605 2180 4676 foeliciter
2191 4591 2247 4662 vala.

1282 4715 1350 4784 Die
1364 4702 1580 4791 stfflarsii.
1694 4766 1717 4785 ,,
1744 4753 1759 4793 ς.

1457 2513 1743 2612 Hieronymo
1767 2507 2116 2629 Bomgartnero

320 4812 326 4822 .
366 4749 427 4823 D.
452 4745 663 4848 Georgia
690 4719 861 4847 Priamipr‘
884 4749 927 4822 i'n
955 4746 1111 4826 Aetola.
1844 4789 1849 4800 ·
1899 4875 1904 4893 .
1935 4848 1939 4867 Ι
1992 4871 1997 4880 ·
2035 4801 2217 4897 Philippus,

236 4883 285 4972 S.
309 4896 352 4967 [t.
384 4887 647 4996 'illustrissime
662 4893 842 4990 Princeps,
868 4893 1232 5002 Veni²Lipsiom‘,'ut
1463 4860 1487 4993 ΣΗ
1645 4984 1648 4994 Ι
1712 4962 1728 5000 ,Ι
1792 4965 1800 5005 Ι
1842 4976 1867 4991 ,Ι

235 5023 315 5068 cum
338 4999 424 5102 viro
446 5001 580 5094 optimo
607 4997 651 5072 D.
673 4993 869 5074 ῙσιιιΙιιίιισ
889 4995 1107 5074 Canacrara'o
1128 4991 1230 5098 Cyg-
1284 5005 2236 5102 -”--Τ---Γ·---“’”’

234 5105 567 5194 ncomprotitisrar,
593 5097 1229 5178 addeliberationemde'scliola'ciu‘s
1366 5137 1394 5196 ,5
1468 5165 1474 5193 ‚
1587 5180 1590 5189 Ι
1696 5167 1700 5174 ,
1790 5094 1820 5191 ζ,
1841 5145 1860 5195 Ι·
1970 5143 1976 5150 -
2012 5095 2015 5104 ’

234 5205 345 5278 urbis.
381 5191 589 5276 'Ecclesiam
621 5195 864 5278 etiam'Filius
893 5205 961 5277 Dei
987 5205 1080 5274 iliter
1107 5196 1246 5274 tarincas·
1270 5167 1497 5304 ,rw-n
1626 5171 1661 5298 Αἵ)
1707 5270 1722 5288 ,,
1751 5212 1796 5298 g,
1828 5171 1886 5202 ¹
2035 5241 2045 5281 c
2139 5159 2242 5299 &fl

233 5306 465 5400 imperiorum
482 5309 646 5382 servabit.
678 5308 782 5379 Hauc
797 5307 1075 5379 consolationem
1093 5329 1228 5400 nequa·
1504 5286 1509 5324 ²
1957 5294 1960 5306 ⁵

232 5433 338 5502 quam
358 5409 474 5489 excuti
490 5410 595 5480 nobis
617 5405 934 5493 sinamumahac
952 5430 1019 5478 nos
1034 5433 1119 5480 voce
1140 5408 1225 5482 Filii

1594 5355 1661 5450 1⁰·
1695 5353 1952 5443 Gartzcnio.

230 5505 297 5578 Dei
315 5523 566 5592 sustentemus,
592 5513 631 5580 in
647 5535 716 5604 que
739 5511 844 5598 dicit,
868 5505 1127 5609 Ntm0·rapt'el
1148 5535 1226 5582 noes
1349 5538 1367 5605 p
1387 5532 1424 5588 Ee
1444 5549 1537 5605 apogr.
1555 5528 1582 5586 tn
1600 5525 1664 5587 cod.
1681 5522 1885 5584 metamus.
1897 5521 2034 5595 tants.
