4614 6226
192 305 309 402 aa
774 271 1218 380 rersrooanuu
1273 231 1384 382 ero.
1415 301 1482 384 u.
1536 300 1675 416 aare,
2095 397 2098 402 ,
2146 309 2204 388 aa
2278 343 2285 395 2

190 501 352 552 socerum
381 487 503 564 turam,
542 475 711 566 collegam
743 488 926 562 nostrum,
958 489 1106 572 propter
1133 475 1193 546 in·
1248 476 1380 578 ctrinae
1395 478 1614 562 deraserunt,
1639 490 1673 552 et
1691 498 1881 550 consensus
1903 477 2209 569 suitdocentiumlo

192 583 309 674 genii,
332 571 544 654 eruditionis
559 594 595 650 et
611 579 752 650 virtutis
772 580 1044 672 praestantiam,
1071 593 1110 648 a'c
1126 581 1192 648 do·
1248 575 1313 650 bac
1331 595 1401 652 tota
1418 605 1479 650 ora
1494 574 1722 650 Germaniae
1747 605 1767 649 a
1789 581 1880 650 saltu
1905 577 1944 652 Τ
1944 580 2103 677 ceringiae
2118 594 2212 684 'usqne

192 689 327 768 lemus,
352 699 387 756 et
411 707 476 754 nos
496 696 530 752 et
545 679 738 752 Ecclesiam
758 705 846 750 voce
866 681 976 773 ipsios
994 681 1192 751 eruditissi-
1248 684 1293 752 ad
1309 682 1407 756 littus
1418 678 1626 758 Bellicum.
1674 679 1723 755 Et
1744 683 1892 755 tererent
1913 679 1979 756 hae
2000 687 2126 760 vicinae
2139 684 2213 760 Aca-

193 813 251 858 ma
277 801 314 858 et
333 785 492 856 consiliis
514 787 674 872 orbatam
699 805 783 856 esse.
843 777 1061 878 Quanquam
1085 781 1194 873 igitur
1248 785 1383 855 demiae
1405 785 1507 878 quasi
1530 782 1715 876 praecipua
1739 785 2046 864 doctrinaesedcs.
2094 785 2167 860 ldeo
2186 792 2214 860 in

195 887 387 962 Academia
409 901 528 960 nostra
545 901 659 958 tecum
679 885 777 976 luget
790 885 865 956 eius
882 899 1049 968 mortem,
1073 898 1192 958 tamen
1247 881 1303 956 bis
1317 887 1406 958 locis
1419 881 1532 970 haesi,
1545 901 1581 960 et
1596 881 1689 956 hanc
1704 885 1989 958 coniunctionem
2005 885 2215 964 Ecclesiamn

195 989 261 1063 hac
285 991 525 1063 consolatione
550 989 726 1056 leniamus
744 987 975 1072 moestitiam,
1001 989 1097 1082 quod
1119 1011 1193 1055 non
1247 990 1384 1080 magnis
1408 989 1593 1060 laboribus
1616 987 1750 1062 adiuvi.
1803 985 1914 1082 quue
1935 993 2047 1062 lacere
2068 993 2217 1086 deinceps,

195 1095 346 1164 dubium
371 1104 441 1176 cst,
475 1114 554 1158 eum
580 1091 619 1160 in
636 1091 864 1160 Academiam
879 1089 993 1160 multo
1009 1083 1193 1182 pulchrio-
1249 1090 1323 1161 Deo
1340 1091 1502 1176 iuvante,
1527 1089 1697 1172 studebo,
1723 1091 1836 1182 donec
1848 1091 2064 1166 conceditur.
2112 1089 2218 1166 Aeti-

195 1221 269 1266 rcm
292 1207 327 1265 et
348 1191 633 1287 tranquilliorem
656 1187 1003 1288 abductum⁴)esse,
1028 1191 1196 1260 videlicet
1248 1193 1336 1264 lium
1352 1190 1421 1263 Dei
1436 1215 1521 1279 oro,
1546 1205 1587 1264 ut
1599 1191 1772 1282 gubernet
1787 1193 1910 1265 omnia
1924 1217 2003 1266 mea
2022 1196 2218 1282 consilia,et
2281 1176 2288 1269 l

195 1301 238 1368 ad
264 1294 555 1368 consuetudinem
581 1291 648 1363 Dei
672 1307 707 1362 et
730 1293 791 1362 lilii
817 1293 891 1362 cius
904 1291 1053 1362 Domini
1078 1292 1193 1362 nostri
1246 1317 1360 1364 meam
1382 1319 1523 1379 vocem,
1557 1315 1685 1388 meque
1709 1294 1813 1366 iaciat
1837 1299 1967 1378 σκεῦος
1992 1293 2122 1382 ἐλέους,
2167 1296 2222 1372 Sed

196 1398 222 1468 l.
247 1396 289 1476 C.
309 1397 350 1468 in
370 1410 509 1468 cocleam
535 1395 773 1485 Angelorum,
797 1393 963 1473 Petrum,
996 1390 1193 1486 Propheta·
1247 1396 1329 1466 illae
1350 1397 1529 1489 proximae
1549 1395 1724 1486 actiones,
1751 1395 1944 1490 dequibus
1969 1391 2152 1473 ctPastor
2171 1424 2221 1472 uo-
2291 1403 2292 1408 ’

196 1522 277 1572 rum
299 1497 623 1590 ct'Apostolorum,
648 1521 728 1568 carm
752 1497 883 1590 quibus
905 1497 1193 1567 iamdulcissime
1239 1511 1317 1570 ¹ster
1340 1512 1484 1593 questus
1510 1511 1782 1586 cst,·magnum
1811 1493 1902 1570 rnihi
1930 1501 2090 1573 dolorem
2118 1503 2224 1574 attede·
2289 1503 2290 1506 ’

195 1607 296 1674 deca
313 1601 493 1684 doctrina,
518 1601 619 1670 cuius
638 1595 698 1670 bic
717 1599 889 1668 clementa
911 1599 1056 1682 didicit,
1082 1598 1194 1670 colto-
1245 1615 1344 1674 runt·
1402 1600 1606 1674 Potuissent
1633 1598 1772 1672 articuli
1801 1601 1935 1670 maiore
1958 1605 2128 1694 gravitate
2146 1627 2223 1674 con·

194 1706 329 1800 quitur.
379 1691 592 1774 Memoriam
615 1696 746 1796 rero⁸)
769 1690 881 1794 ipsius
901 1701 1193 1790 graticonserve-
1247 1703 1352 1794 poni,
1382 1703 1445 1796 qui
1472 1717 1506 1774 et
1529 1700 1757 1792 Imperatoris
1783 1701 1932 1772 consilio
1953 1705 2067 1795 magis
2094 1705 2224 1796 placuis·
2279 1738 2285 1773 ι

194 1827 291 1892 mers,
323 1819 358 1876 ct
390 1804 667 1892 benivolentiam
702 1824 783 1892 erga
816 1827 897 1872 cum
926 1803 1048 1870 liberis
1082 1803 1193 1894 ipsius
1247 1818 1342 1893 seut,
1368 1805 1397 1872 si
1415 1805 1636 1876 scivissemus
1653 1828 1724 1898 quo
1745 1816 1957 1896 spectassent
1972 1831 2098 1876 eorum
2112 1807 2224 1876 delibe-

194 1913 426 2001 praestemus,
452 1907 547 2000 quod
574 1919 609 1974 te
631 1905 774 1999 quidem
797 1905 983 1995 praecipue
1002 1905 1194 1975 laceredc-
1245 1907 1412 1980 rationes.
1450 1903 1654 1978 Excanduit
1668 1919 1787 1976 noster
1800 1897 1938 1976 Pastor
1954 1925 2102 2002 propter
2118 1901 2227 1978 letatii
2292 1947 2293 1956 κ

193 2025 270 2096 cet,
292 2009 351 2080 cui
376 2032 456 2078 curn
480 2003 636 2102 filiam⁶)
662 2007 795 2078 virtute
818 2019 853 2076 ct
876 2007 987 2074 forma
1012 2004 1193 2097 praestan·
1245 2002 1466 2098 triumphos,
1491 2021 1524 2078 et
1546 2020 1693 2100 propter
1715 2007 1910 2091 multorum
1925 2010 2177 2104 obiurgatrices
2194 2009 2226 2078 li·
2289 2051 2290 2054 =

191 2125 284 2197 tem,
315 2133 421 2204 qnam
448 2111 550 2180 valde
573 2109 762 2198 diligebat,
796 2096 1047 2201 dispendis),
1074 2123 1193 2179 osten·
1245 2124 1356 2194 teras,
1381 2123 1416 2180 et
1429 2108 1601 2191 iudicavit
1615 2109 1810 2178 necessario
1828 2114 2088 2202 opponendam
2102 2137 2170 2182 csse
2183 2135 2226 2182 cr-

140 2235 145 2246 ¹
191 2214 317 2294 dit,se
332 2213 376 2282 de
393 2223 428 2282 te
441 2233 584 2304 quoque
599 2223 758 2280 amanter
773 2209 915 2282 sentire.
966 2207 1190 2282 Cumautem
1244 2212 1480 2296 cusationem,
1505 2210 1997 2304 senpotiusconfesstonem,
2017 2211 2230 2310 quoditale·

191 2338 289 2386 nune
305 2313 434 2384 divisio
448 2309 677 2384 haereditatis
689 2312 785 2382 iusta
801 2323 1069 2398 testamentum,
1094 2315 1190 2407 quod
1245 2315 1309 2394 cit,
1335 2313 1442 2384 simul
1468 2325 1508 2384 ut
1531 2311 1700 2385 clamores
1721 2311 1916 2384 multorum
1940 2309 2008 2388 hic
2037 2314 2230 2412 represserit,

192 2439 291 2487 socer
312 2399 650 2508 iudioov'itaequum
668 2435 760 2498 esse,
786 2413 874 2483 lacta
892 2413 956 2498 sit,
980 2427 1193 2486 ettuacon-
1244 2411 1864 2510 quinobisrabiosemaledicebant.
1916 2415 2034 2508 Quod
2055 2433 2167 2491 autem
2187 2415 2229 2485 in-

57 2510 64 2518 ’
191 2519 279 2590 iuna
293 2540 392 2588 suam
418 2529 552 2608 partem
572 2541 613 2586 ex
636 2511 852 2586 haereditate
868 2517 910 2584 ad
931 2531 963 2586 tc
979 2517 1133 2604 adserat,
1157 2531 1191 2588 tc
1244 2530 1399 2606 terrogat
1412 2514 1452 2590 C.
1464 2515 1506 2589 V.
1521 2515 1607 2610 quid
1626 2515 1911 2608 respondendum
1927 2519 1999 2606 sit,
2020 2521 2049 2592 si
2070 2521 2225 2592 nobiscum

193 2617 347 2704 sdcissim
388 2611 595 2703 hortamur,
634 2631 693 2702 ut,
731 2618 825 2710 quod
866 2617 1095 2686 iustissimum
1130 2632 1191 2704 est,
1243 2617 1542 2711 expostulabitur,
1573 2617 1689 2688 facilis
1715 2631 1766 2688 cst
1793 2621 1981 2712 responsio
2022 2617 2069 2698 V.
2095 2619 2135 2696 C.
2160 2637 2228 2716 quat
2294 2694 2296 2700 ,

192 2721 350 2793 vicissim
365 2721 400 2790 ei
414 2720 644 2790 donationem
664 2732 808 2810 propter
823 2720 965 2808 nuptias
987 2721 1191 2800 constituas,
1244 2721 1369 2812 procul
1384 2720 1550 2796 anostris
1564 2719 1787 2790 sermonibus
1802 2721 1910 2794 abest.
1966 2721 2058 2795 Mea
2075 2717 2230 2818 responsio

192 2815 323 2912 ctist')
343 2816 410 2894 hao
433 2843 472 2892 re
489 2817 734 2893 honestissima
756 2843 837 2888 cum
860 2819 1030 2892 iustitiam
1049 2821 1192 2914 coniugi
1243 2823 1441 2906 difficilior3
1466 2828 1524 2893 ine
1539 2821 1635 2892 enirn
1661 2821 1778 2893 dicent
1801 2815 1870 2892 hoc
1892 2824 2035 2898 vulnus
2059 2841 2174 2920 tegere
2190 2824 2232 2892 dt·

191 2924 365 3008 debitam,
391 2937 467 2994 tum
487 2947 572 2994 vero
596 2922 761 3016 pietatem
787 2943 870 3010 erga
890 2945 1050 2994 socerum
1073 2925 1192 3012 dcclq-
1241 2917 1373 2998 lauisse.
1430 2918 1522 3015 Ego·
1539 2948 1623 2994 vero
1659 2914 1752 2994 nihil
1785 2921 1979 3018 disputabo
2016 2943 2163 3014 contra,
2191 2923 2225 2993 sci

192 3050 270 3114 res,
295 3049 401 3122 queen
422 3037 458 3098 te
480 3026 643 3120 quidem,
664 3036 699 3094 et
716 3021 1104 3116 propterasliuitateru,
1129 3051 1193 3118 pa·
1244 3051 1324 3098 cum
1349 3026 1453 3096 irasci
1477 3049 1514 3096 se
1537 3017 1629 3096 mihi
1651 3027 1856 3112 ostendent,
1885 3025 1958 3096 nisi
1989 3045 2119 3124 captus
2148 3031 2232 3100 fuere,

191 3118 529 3202 trislocovdnerari
547 3142 582 3199 et
599 3149 716 3196 amare
728 3125 978 3196 existimamus.
1016 3125 1190 3200 Nosvero
1245 3129 1433 3201 discedam.
1492 3125 1542 3198 Et
1567 3151 1770 3222 quanquam
1795 3127 1928 3218 inritus
1952 3125 2235 3208 hasdrubale

191 3231 364 3302 excellens
377 3229 562 3319 ingenium
578 3227 671 3313 eins,
693 3223 950 3310 eruditionem,
966 3228 1090 3300 iudicii
1106 3233 1191 3302 dcx·
1242 3245 1277 3302 et
1291 3225 1360 3300 hoc
1383 3227 1627 3300 dulcissimum
1651 3227 1856 3299 sodalitium
1878 3231 2117 3330 relinquam:
2143 3250 2237 3308 camd

191 3333 386 3416 reducem,
413 3330 620 3422 gravitatem
650 3343 684 3400 et
708 3328 875 3420 pictatem
911 3331 1002 3402 tanti
1033 3333 1192 3418 facimus,
1243 3328 1350 3402 hcrius
1367 3329 1545 3402 commodi
1562 3328 1773 3422 cogitatione
1789 3331 1951 3402 dolorem
1980 3337 2144 3424 leniam,
2166 3329 2239 3428 quod
2280 3282 2289 3405 l

137 3481 145 3503 ι
191 3434 251 3503 vix
273 3447 314 3504 nt
336 3431 551 3513 desiderium
576 3431 652 3502 eius
677 3430 789 3501 lenire
812 3431 851 3500 in
874 3433 978 3502 nobis
1006 3434 1193 3522 possimus.
1245 3430 1329 3504 haec
1350 3458 1405 3502 me
1428 3433 1510 3522 fuga
1534 3431 1578 3502 ab
1607 3428 1786 3518 insidiosis
1810 3434 2149 3524 deliberationibus
2176 3439 2240 3505 iste
2280 3502 2284 3520 ,

192 3533 290 3606 Bene
310 3533 402 3606 vale.
453 3531 521 3607 Die
540 3531 784 3606 conversionis
803 3529 927 3620 Pauli,
954 3532 1064 3610 1549.
1148 3591 1152 3600 ,
1243 3559 1324 3605 rum
1347 3534 1524 3606 liberabit.
1585 3532 1769 3628 Quantum
1791 3533 1861 3605 erit
1881 3537 2065 3628 periculi,
2092 3559 2175 3613 cum
2194 3531 2285 3606 att-2

1244 3649 1377 3730 quanto
1400 3647 1480 3726 post
1494 3637 1538 3704 dc
1554 3659 1706 3721 canone,
1728 3637 1773 3708 de
1787 3629 2062 3732 Episcoporum
2084 3645 2244 3736 guberua-

1243 3739 1341 3811 tione
1354 3737 1632 3831 colloquendum
1646 3737 1727 3824 erit;
1745 3738 2081 3833 quantiarmorum
2099 3760 2246 3824 terrores,

192 3897 226 3972 Ν
276 3891 379 3972 4474
1115 3903 1128 3967 1
1243 3865 1351 3935 quam
1375 3839 1493 3909 variae
1514 3833 1771 3932 sophismatum
1795 3842 2016 3934 praestigiae
2053 3865 2246 3942 proponco-
2291 3857 2296 3865 “

204 3925 391 4026 ᾖ...]
1013 3907 1183 4028 Q
1242 3957 1311 4018 tur.
1362 3933 1476 4014 Plato
1502 3941 1587 4011 citat
1603 3933 1826 4036 Aeschylum
1848 3943 2062 4020 dicentem:
2092 3945 2194 4024 Aliis
2211 3939 2249 4016 el·
2290 4010 2298 4040 ‚

426 4079 625 4199 eoae
654 4077 737 4165 a·
764 4077 959 4170 eoae
1071 4184 1072 4187 w
1243 4038 1553 4238 attala
1566 4034 1963 4236 'tt‘auatua
1986 4149 2244 4245 a

260 4243 312 4318 ΕΡ·
326 4243 376 4328 lib.
387 4241 421 4301 ¹¹·
436 4261 465 4317 e·
478 4241 541 4298 248.
562 4241 620 4326 ted:
632 4240 785 4326 bonodia
795 4207 828 4298 ll·
841 4262 884 4316 ψ·
898 4241 981 4328 Μῖ·
1001 4273 1030 4288 ·
1067 4245 1194 4303 F0r¹²⁸⁸⁸
1241 4251 1408 4334 formam,
1433 4271 1540 4341 quarn
1555 4247 1767 4318 constituere
1781 4271 1878 4318 necne
1893 4268 2104 4330 conantur.
2161 4249 2253 4345 Quod

293 4323 395 4386 serapte
409 4325 448 4369 est
460 4311 493 4366 ad
510 4311 677 4366 locchamum
691 4311 851 4384 Principum
866 4311 1058 4376 debellantem.
1077 4333 1135 4370 non
1156 4317 1192 4372 ad

293 4382 448 4506 &wilm
460 4379 627 4452 Episcopum
641 4379 764 4451 Meron,
782 4399 864 4453 quecea
883 4381 1049 4438 hauddubie
1069 4403 1125 4440 noo
1144 4403 1192 4442 so·
1243 4375 1326 4422 vem
1344 4347 1385 4424 C·
1402 4347 1445 4423 V·
1460 4361 1598 4434 cemele
1623 4348 1912 4441 praceipiendum
1938 4377 2026 4425 0888
2043 4352 2257 4430 scholaslltll

325 4471 353 4506 m
388 4449 1190 4528 lustricsimumsedsimulstiamllerereodisrimumpriu·
1242 4477 1288 4522 ne
1311 4451 1531 4522 narrationes
1553 4450 1768 4542 periculosas
1803 4468 1977 4544 spargant
2014 4455 2257 4556 in'Epislolll,

104 4531 109 4546 ’
185 4541 192 4558 ’
295 4515 646 4594 “P‘m⁸¹¹⁰l¹¹¹¹¹¹¹⁸‘⁵'‘¹·
1244 4578 1285 4624 eo
1320 4554 1435 4628 edicto
1467 4552 1624 4622 curiosas
1656 4565 1800 4622 naturas
1840 4553 2099 4632 irritaremus.
2169 4559 2258 4632 Nune

324 4664 381 4745 D,
407 4663 612 4764 Georgia
638 4663 809 4770 Principe·
835 4669 874 4742 in
902 4665 1050 4748 Ankale
1244 4655 1355 4726 multa
1376 4654 1594 4747 prudentum
1615 4653 1897 4726 dissimulatione
1929 4663 2075 4734 sanari
2110 4669 2261 4760 possunt.
2297 4678 2299 4691 ¹

1243 4755 1538 4828 protestationem
1556 4753 1625 4844 legi
1638 4767 1673 4826 et
1688 4757 1825 4848 probo,
1850 4757 1910 4826 sed
1928 4767 2134 4852 quaedam
2150 4757 2261 4854 scripsi

1243 4861 1364 4941 aliter,
1391 4857 1583 4950 dequibus
1602 4870 1721 4927 tamen
1744 4857 1919 4928 iudicium
1939 4859 1990 4938 C.
2013 4863 2068 4942 V.
2090 4867 2263 4961 permitto.
2298 4925 2299 4928 ,

1242 4957 1383 5032 Nollem
1396 4960 1435 5028 in
1443 4954 1617 5028 Dorium
1632 4957 1726 5031 mitti
1739 4954 1783 5031 cd
1797 4951 2053 5060 σύγγραμμα
2065 4967 2159 5068 napi
2169 4965 2262 5042 eidec-

225 5131 253 5200 4)
273 5128 343 5190 0οὠ
357 5127 479 5186 Gom
494 5129 563 5187 m
577 5137 744 5191 mmm
797 5167 804 5174 ι
1242 5055 1386 5181 palpem.
1438 5057 1537 5179 Bqnc
1552 5057 1771 5136 valeathls.
1787 5059 1832 5138 V.
1883 5059 2013 5138 Dotae
2032 5071 2103 5144 die
2124 5091 2264 5146 couver-

226 5213 352 5287 ωηο]
365 5215 452 5272 Μ
465 5219 570 5288 tenor,
1243 5185 1355 5234 srenrs
1369 5155 1487 5232 Paob
1505 5160 1565 5238 17.

225 5301 254 5372 6)
266 5301 378 5372 filiam]
392 5300 479 5360 bisol.
485 5303 643 5372 samolum,

224 5385 255 5455 7)
272 5385 362 5443 Meet.
375 5387 568 5454 despondent.

223 5469 251 5538 8)
268 5474 297 5526 in
310 5487 366 5533 aaa
380 5469 481 5527 babeat
494 5469 577 5530 codd.

194 4785 243 4874 S.
266 4793 312 4871 D.
364 4797 605 4874 Illustrissime
618 4795 801 4972 Princeps.
834 4799 1065 4876 Mediocriter
1080 4807 1118 4876 in
1132 4803 1190 4878 his

193 4901 416 5004 regionibus,
440 4899 714 4988 Dcibencficio,

199 5051 418 5076 nnn-aa*-

772 4903 916 4978 eclesiae
939 4917 973 4977 et
990 4909 1107 4980 studia
1122 4913 1190 4982 do·
