4592 6218
1443 107 1452 140 t

250 289 327 368 ⁷55
830 283 1271 364 ttrtsroaautttu
1322 289 1543 368 utnxu.
1596 289 1729 369 1551.
2167 303 2212 378 aa
2261 239 2262 312 ³

238 465 453 536 ⁴sitaaorant
468 459 577 530 irides
593 458 807 544 contrariae,
832 481 922 551 quae
935 460 1055 530 minua
1067 454 1248 536 habebant
1300 459 1425 533 dehoc
1442 463 1599 552 periculo
1620 458 1927 560 proposuimus¹).
1978 463 2044 536 Nec
2061 467 2117 536 iam
2136 475 2216 556 procul
2261 459 2262 484 ¹

253 586 373 635 causas
396 551 623 655 physicas*).
673 559 770 632 Deus
797 561 889 629 adsit
911 561 1035 645 nobis,
1061 575 1097 631 et
1113 562 1248 650 mitiget
1300 566 1398 634 abest
1417 563 1620 638 solstitium.
1672 563 1869 636 suademus
1892 565 2017 654 igitur,
2039 583 2073 638 ut
2091 569 2219 658 difleratu

253 663 480 738 calamitates.
529 659 628 732 Beue
643 661 732 758 nale.
782 657 850 730 Die
865 661 926 732 21.
943 660 1081 732 Martii.
1300 665 1489 736 consilium
1507 667 1550 734 de
1564 666 1737 737 mittendo
1754 662 1824 736 hoc
1842 663 2103 738 adolescentem
2119 665 2218 762 hocop

765 757 954 854 Philippus
970 757 1197 838 Melanthou.
1300 768 1442 858 pidum,
1474 769 1587 838 donec
1618 767 1836 863 videbimus,
1869 793 1959 862 quae
1984 771 2026 839 sit
2046 771 2159 841 aestatis
2176 773 2220 840 lor·

694 911 695 914 =
842 939 850 956 ,
1300 881 1399 942 tuna.
1436 865 1517 937 Non
1534 867 1650 936 scribo'
1667 869 1711 936 de
1727 883 1826 940 metu
1844 870 2035 955 bellorum;
2058 895 2127 940 nam
2141 873 2173 938 de
2184 897 2220 960 ap

624 939 679 1006 θ’
706 938 875 1007 1111111111·
1299 969 1474 1062 paritibus
1488 970 1590 1060 plura
1606 969 1683 1038 istic
1709 982 1741 1038 tc
1756 967 1878 1040 audiie
1896 971 2057 1045 arbitror.
2101 970 2157 1042 set
2172 969 2222 1040 haec
2261 959 2262 976 ³

359 1069 393 1136 1.
425 1063 573 1156 Semper
586 1077 638 1134 est
652 1089 770 1134 meum
785 1061 989 1148 consilium,
1016 1077 1056 1135 ut
1070 1059 1247 1136 Ecclesiae
1299 1095 1441 1164 quoque
1457 1069 1552 1158 θεοῦ
1567 1069 1607 1140 ἐν
1619 1062 1778 1167 γούνασι
1790 1071 1918 1145 κεῖται.
1967 1069 2015 1142 Et
2029 1095 2087 1142 uos
2098 1097 2154 1165 quo
2165 1071 2223 1141 llaa

254 1167 384 1258 eligant
398 1167 650 1255 gubernatores
662 1161 927 1256 seuEpiscopos
942 1187 981 1233 ex
999 1178 1101 1236 coetu
1114 1189 1249 1252 eorum,
1301 1187 1334 1242 et
1350 1197 1420 1266 quo
1440 1173 1528 1240 dura
1547 1183 1648 1240 vocat
1663 1172 1825 1256 fortuna,
1850 1196 2045 1266 sequemur.
2081 1171 2225 1243 Dissensio

254 1270 316 1365 qui
345 1269 444 1360 prius
472 1268 524 1338 ibi
547 1269 585 1336 iu
605 1267 812 1336 ministeriis
831 1267 995 1346 fuerunt,
1028 1267 1058 1335 si
1082 1267 1161 1359 quis
1184 1279 1248 1354 est,
1299 1297 1380 1341 nem
1399 1273 1435 1340 in
1461 1269 1615 1342 Ecclesia
1633 1269 1869 1367 Lubecana²)
1890 1276 2041 1344 sedatam
2062 1277 2226 1362 essegaute-

253 1369 316 1464 qui
335 1369 475 1440 videtur
489 1363 660 1452 idoneus,
686 1367 768 1462 quia
785 1369 980 1458 plurimum
997 1369 1102 1437 refert
1118 1371 1248 1457 guber-
1299 1398 1389 1446 mus.
1440 1371 1647 1444 Medebitur
1669 1373 1764 1442 filius
1780 1373 1848 1444 Dei
1870 1375 1975 1446 etiam
1995 1377 2125 1446 caeteris
2143 1375 2226 1442 nostris

251 1485 414 1542 natorem
431 1493 535 1539 nosse
552 1493 674 1540 sensus
691 1469 821 1538 civium
839 1483 873 1538 et
886 1469 976 1538 ritus
988 1465 1177 1542 Ecclesiae.
1300 1473 1519 1548 vulneribus.
1567 1473 1621 1544 De
1642 1473 1858 1566 inspectore,
1883 1477 1947 1568 qui
1971 1478 2093 1566 praesit
2106 1472 2228 1544 Ecclesiae

235 1641 239 1648 ,
354 1574 392 1642 2.
432 1568 472 1640 Si
500 1571 707 1663 peregrinus
734 1571 956 1664 quaerendus
977 1583 1047 1654 est,
1079 1571 1247 1640 omnibus
1299 1574 1520 1646 bubeconiae
1542 1575 1703 1644 scribunt
1727 1577 1770 1644 ad
1796 1601 1852 1646 me
1873 1575 1955 1662 alii,
1982 1579 2045 1648 tibi
2066 1591 2102 1646 ut
2122 1571 2228 1644 hortator

253 1671 410 1742 antefero
425 1669 624 1742 Diaconum
645 1672 839 1756 seniorem,
872 1663 1080 1740 Iohannem
1105 1671 1144 1740 in
1159 1671 1247 1740 Zer-
1299 1677 1385 1760 sim,
1409 1690 1449 1746 ut
1465 1675 1532 1746 tibi
1547 1677 1583 1744 id
1601 1699 1691 1745 onus
1707 1677 1845 1768 imponi
1860 1677 1965 1748 sinas.
2017 1677 2083 1749 Sed
2106 1678 2230 1766 opinorta

239 1789 346 1854 ·vest,
377 1785 500 1843 natum
525 1795 635 1864 prope
654 1769 875 1856 Northusen,
902 1774 1002 1842 cuius
1021 1787 1115 1843 aetas
1129 1789 1246 1844 tamen
1299 1779 1404 1846 malle
1420 1779 1458 1845 in
1476 1775 1666 1848 Academia
1683 1778 1820 1863 vivere,
1845 1780 1885 1848 in
1906 1804 2012 1872 quam
2035 1779 2191 1850 accersitus
2205 1797 2229 1846 o.

252 1875 370 1944 media
386 1887 448 1946 est.
500 1872 569 1944 Sed
584 1874 716 1968 pietas,
742 1875 913 1952 eruditio,
940 1876 1140 1964 prudentia,
1165 1897 1246 1964 gra·
1299 1878 1435 1949 Vellem
1453 1895 1571 1952 autem
1584 1893 1618 1949 te
1634 1879 1771 1948 senatui
1784 1894 1817 1948 et
1831 1881 2031 1972 pastoribus
2044 1879 2232 1949 commendare

251 1975 360 2062 vitas,
384 1975 576 2060 modestia,
603 1988 723 2066 pectus
739 1976 815 2044 sine
829 1975 1022 2046 ambitione
1045 1990 1246 2066 congruunt
1299 1974 1499 2073 Georgium
1510 1975 1707 2064 Maiorem,
1723 1981 1805 2074 qui,
1821 1983 1887 2051 etsi
1902 1997 2005 2054 antea
2019 1979 2168 2073 praetulit
2178 1975 2231 2046 Ara

251 2077 482 2168 gubernatori
501 2073 692 2148 Ecclesiae.
751 2075 824 2146 Nec
846 2077 922 2146 ullo
944 2079 1087 2170 privatu
1107 2079 1244 2148 adfectu
1298 2083 1449 2152 deaniam
1465 2083 1594 2150 talibus
1616 2083 1878 2168 functionibus,
1909 2098 2028 2153 tamen
2053 2105 2140 2150 nunc
2159 2080 2234 2146 miuus

251 2179 291 2248 in
306 2174 737 2249 huius'commendatioue
750 2201 914 2264 moveor,
938 2181 999 2250 sed
1016 2191 1153 2249 tantum
1171 2181 1246 2248 eius
1298 2209 1316 2254 a
1334 2184 1546 2272 migratione
1561 2179 1740 2256 abhorret.
1783 2179 1921 2252 David
1932 2199 2014 2254 ante
2032 2175 2235 2253 adventanti

250 2281 395 2349 virtute.
446 2275 552 2350 Doct.
568 2273 705 2348 Ionam
728 2280 885 2349 fortassis
901 2275 1074 2351 attrahere
1088 2283 1245 2371 possetis.
1299 2287 1471 2354 tabellarii
1488 2285 1555 2354 iter
1570 2283 1747 2372 ingressus
1761 2299 1833 2370 est,
1856 2300 1892 2356 et
1905 2287 2029 2358 literas
2052 2287 2092 2351 ad
2110 2307 2161 2350 cros
2180 2300 2236 2345 neas

251 2380 321 2452 Sed
337 2381 377 2448 in
393 2375 459 2448 hac
473 2394 612 2450 senecta
629 2382 687 2450 vix
700 2381 964 2472 potestlabores
979 2383 1245 2471 gubernationis
1297 2387 1420 2458 adfert.
1478 2383 1575 2454 Bene
1599 2400 1633 2455 et
1658 2386 1809 2456 feliciter
1832 2388 1922 2460 vale.
1978 2383 2047 2456 Die
2071 2385 2127 2458 25.
2149 2378 2236 2456 ttati,

250 2483 435 2554 sustinere.
488 2477 579 2580 ἔργα
600 2477 716 2565 νέων,
742 2476 880 2574 βουλαί
900 2477 942 2554 de
961 2479 1105 2575 μέσων,
1139 2479 1246 2574 εὐχαί
1296 2512 1367 2580 quo
1384 2487 1477 2556 lilius
1494 2485 1561 2556 Dei
1579 2501 1662 2557 ante
1678 2510 1792 2556 annos
1810 2485 1909 2559 1617
1932 2489 2076 2558 victima
2099 2511 2155 2577 pro
2175 2479 2237 2549 ttulit

248 2577 291 2653 ds
312 2575 514 2681 γερόντων.
564 2579 691 2672 Cogito
713 2583 819 2652 etiam
842 2584 885 2652 de
905 2577 1066 2678 Georgia
1078 2579 1243 2658 Maiore.
1297 2591 1486 2661 factusest.
1542 2586 1652 2662 1551.

248 2679 416 2753 Erasmo
433 2679 624 2770 Sarcerio,
651 2683 714 2778 qui
728 2682 869 2776 Lipsiae
887 2697 951 2756 ost.
1949 2686 2136 2781 Philippus
2150 2683 2213 2754 tta.

1420 2836 1578 2907 Salutem
1602 2851 1686 2928 opto
1709 2837 1852 2928 collegis
1872 2837 1943 2908 tuis
1967 2833 2180 2916 venerandis,

1346 2935 1389 3010 D.
1409 2933 1574 3018 Briseis),
1598 2940 1645 3010 D.
1666 2935 1889 3024 Valentino,
1911 2932 1956 3012 V
1953 2936 2132 3020 iacentia,
2153 2947 2180 3002 ct

258 3046 324 3120 No.
343 3043 457 3120 4867.
1077 3059 1136 3124 25.
1153 3055 1241 3119 Mart.
1345 3039 1500 3112 caeteris.
1559 3039 1718 3110 Salutem
1746 3041 1848 3109 vobis
1874 3042 2047 3112 omnibus
2071 3049 2180 3128 optant

255 3145 468 3180 Μ
754 3137 765 3231 ἰ
1073 3145 1241 3171 “W“
1344 3137 1389 3212 D.
1406 3134 1653 3234 GeorgiusM
1651 3140 1752 3226 aior,
1766 3139 1811 3214 l).
1820 3135 2050 3229 Miticdius,
2066 3133 2178 3212 111Ιὶ·

582 3207 797 3328 [Auris
791 3212 912 3298 (1110·
1347 3247 1406 3312 tas
1427 3233 1705 3315 Wnshemias.
1757 3241 1891 3314 lterum
1911 3243 2006 3320 vale.

314 3369 338 3445 †
355 3371 394 3426 Er
405 3389 501 3445 apogr.
515 3372 543 3426 iu
559 3369 622 3427 cod.
635 3369 721 3427 Paria.
738 3369 775 3422 D.
789 3367 821 3422 b.
835 3367 869 3422 51
877 3368 900 3422 ³·

245 3524 468 3603 Iohanni
505 3523 790 3626 Aurisabro,
830 3519 991 3595 Ductori
1013 3517 1241 3620 Theologiae

493 3629 552 3726 (in
573 3623 689 3702 Acad.
708 3620 988 3722 Rostochr'ana)

248 3763 299 3854 S·
327 3775 373 3851 D.
429 3775 641 3850 Revereude
665 3791 700 3847 et
719 3774 897 3844 carissime
918 3776 1038 3849 frater.
1100 3770 1179 3870 Epi
1200 3801 1241 3844 ex
1581 3793 1827 3878 Valentino
1850 3792 2014 3878 Kone·

238 3879 414 3952 tataubus
436 3879 550 3947 causis
574 3891 609 3946 et
628 3891 773 3968 propter
796 3877 927 3944 multos
941 3870 1128 3946 hominurn
1142 3879 1239 3945 furo-

246 4003 303 4052 res
326 3989 439 4050 ruunt
462 3978 628 4068 imperia,
655 3989 775 4046 tamen
799 3975 893 4044 filius
908 3973 974 4046 Dei
996 3989 1030 4046 et
1047 3973 1239 4046 Ecclesiam

246 4095 282 4153 et
313 4079 433 4174 aliqua
472 4079 715 4150 doctrinarum
756 4071 910 4168 hospitia
943 4091 1145 4148 servaturus
1180 4093 1240 4161 cst,

246 4206 353 4277 quem
376 4205 459 4266 oro,
491 4193 532 4252 ut
555 4193 588 4249 et
607 4201 670 4248 vos
691 4176 769 4248 istic
791 4191 824 4248 et
841 4200 906 4247 nos
922 4177 1113 4248 clementer
1128 4196 1240 4248 servet
1291 4163 1505 4240 Reverendo
1532 4168 1609 4240 viro
1634 4165 1689 4242 D.
1721 4165 1765 4242 V
1765 4165 1955 4240 atentia
1987 4167 2140 4240 Korte
2163 4155 2242 4232 Ecdt

246 4300 281 4356 et
305 4283 488 4374 gubernet.
544 4279 724 4350 Hactenus
750 4278 940 4347 mediocria
968 4274 1027 4348 bic
1055 4279 1238 4350 literarum
1290 4271 1369 4342 riae
1393 4269 1473 4342 Dei
1495 4265 1701 4340 doctrinam
1730 4309 1777 4326 -
1804 4266 1971 4342 tradenti
1987 4269 2032 4342 in
2052 4253 2242 4364 inclytaad

246 4385 362 4457 studia
386 4386 549 4468 fuerunt,
586 4396 619 4452 et
643 4373 789 4450 Paulas
817 4375 972 4452 Eberas,
995 4405 1069 4450 nou
1102 4395 1240 4450 recusat
1475 4365 1648 4458 Labeca,
1674 4368 1794 4441 amico
1816 4397 1885 4442 suo
1909 4370 2131 4445 carissimo..

244 4484 434 4603 gratificari
456 4485 534 4554 viro
552 4477 820 4600 honestissimo,
845 4477 1239 4552 HermannoaDorn.
1293 4507 1505 4589 &verende
1521 4517 1577 4587 vir
1598 4531 1633 4588 et
1654 4518 1766 4586 amice
1788 4517 1979 4593 carissime·
2035 4505 2245 4590 Deibemffio

245 4588 315 4662 sed
332 4599 476 4680 umque
493 4595 648 4654 vestrum
667 4606 781 4653 ”sum
797 4598 866 4667 ω’
896 4585 939 4652 ad
959 4584 1063 4652 fidem
1081 4597 1236 4653 ¹¹⁰⁸l¹⁸³¹¹¹
1289 4643 1357 4688 vox
1372 4619 1411 4688 in
1425 4617 1592 4688 Ecclesiis
1609 4631 1644 4689 et
1659 4617 1697 4686 in
1714 4613 1846 4688 scholis
1860 4621 1981 4688 eadem
2000 4633 2057 4692 est
2074 4623 2118 4690 de
2133 4609 2262 4688 doctdw

245 4689 439 4782 pertinere,
472 4699 512 4756 ut
533 4685 737 4802 indicemus·
753 4685 854 4753 vobis
870 4697 1013 4803 nostras
1023 4685 1238 4804 sollicitudi-
1289 4717 1496 4810 Evangelii,
1521 4745 1629 4814 quam
1651 4719 1768 4809 legin,
1794 4721 1834 4788 in
1853 4721 1986 4792 nostris
2012 4722 2169 4815 ‘criptis'
2191 4728 2262 4804 qua,

246 4813 319 4864 ω’
358 4786 527 4860 N⁰⁰d⁰m
545 4779 1239 4876 1110131311ωηιθὸηρεωιωῑωοε·
1290 4837 1343 4894 tot
1359 4821 1428 4891 iam
1446 4847 1559 4892 annos
1574 4822 1612 4890 in
1634 4822 1799 4892 manibus
1824 4835 1908 4892 suut
1932 4823 2082 4915 piorum
2105 4807 2242 4892 etiuticit

245 4903 413 5007 Pewnl’..
433 4889 645 5006 ⁸²d.t³m⁰¹¹
674 4898 756 5004 1³⁰⁸}
782 4885 991 5004 ³⁰¹⁵¹llil¹m’
1028 4911 1110 5004 ⁶⁰¹?
1133 4902 1238 5007 ΨΜ
1289 4915 1455 4993 Lethen·
1467 4925 1616 5018 probata
1637 4935 1731 4997 sunt.
1781 4921 1856 4994 Nec
1880 4945 1944 5016 ego
1966 4948 2133 5019 uuquam
2154 4927 2243 4990 uoautt

246 5002 415 5061 contrarn
439 5001 574 5078 positus
597 4986 742 5057 Saturna
766 5000 801 5056 et
819 4985 966 5071 Martis,
999 4989 1236 5076 pestilentiam
1289 5073 1518 5090 ....-......
1708 5007 1711 5014 ·

244 5090 457 5174 metuimmt
489 5087 572 5181 qnia
600 5088 755 5178 exempla
780 5101 896 5157 velera
921 5087 1051 5156 similia
1074 5089 1238 5159 animad‘
1325 5142 1353 5212 1)
1373 5139 1403 5194 td
1417 5159 1546 5209 carmen,
1568 5140 1646 5194 cuius
1663 5147 1760 5197 auctor
1780 5157 1840 5196 eree
1861 5140 1961 5198 dicitur
1980 5142 2148 5198 Hattdaeue
2168 5135 2244 5192 &¹⁸¹

244 5215 347 5264 versa
362 5204 463 5276 sunt,
485 5201 583 5258 uter
596 5188 750 5258 carmine
766 5187 959 5278 intelliges,
983 5187 1080 5283 quod
1095 5191 1237 5282 publice
1356 5209 1599 5334 ptapntoffinrta,
1624 5207 1725 5280 tegitur
1749 5207 1779 5264 ta
1797 5208 1913 5282 seriptis
1934 5211 2045 5283 pastae.
2065 5209 2149 5268 eud·
2166 5193 2262 5266 11101.

238 5311 596 5492 mersionem
613 5365 665 5422 bae
682 5364 809 5421 clareia
827 5364 905 5440 epist.
923 5381 1006 5440 qum
1026 5374 1139 5424 munh
1155 5366 1237 5425 blar-
1321 5315 1424 5492 2)dess
1434 5297 1501 5486 1Ξῶ
1499 5315 1594 5488 :pper-
1615 5359 1711 5426 babett
1727 5357 1809 5435 viulo
1828 5367 1893 5434 9011
1909 5361 2100 5420 &simiu-
2134 5357 2176 5414 ΕΙ*
2188 5363 2241 5422 011’Ι

1306 3589 1374 3663 Νο.
1388 3585 1499 3662 1868.
2130 3587 2244 3708 offlam

1296 3685 1506 3719 m

1361 3950 1384 4020 †
1403 3949 1439 4002 Er
1453 3948 1608 4022 apographo
1630 3949 1692 4002 cod.
1707 3949 1765 4015 51,
1785 3947 1832 4018 qui
1850 3957 1888 4001 eet
1908 3946 1936 3999 iu
1953 3945 2128 4003 Bibliotbeca
2145 3945 2178 4000 St.
2189 3937 2244 4016 litt?-

1392 4035 1472 4074 retae
1485 4016 1599 4072 Lutetiie
1612 4017 1743 4072 Parisior.
1778 4015 1921 4088 Descripta
1935 4016 2023 4072 nobis
2036 4035 2053 4070 a
2064 4017 2167 4070 Uarios.
2174 4009 2243 4065 Beda
