4730 6202
173 304 272 384 stas
756 297 1197 382 EPISTULARUM
1249 302 1469 388 ntuxll.
1520 302 1652 388 16⁵2.
1815 378 1816 386 ,
2127 305 2224 382 rtet

168 473 370 606 Q
775 489 831 552 18.
848 480 929 552 Nor.
957 479 1121 564 (forms)
1225 475 1481 596 pontumeliose
1498 477 1539 599 in
1555 480 1687 554 multos
1702 475 1948 602 debacchatur,
1967 483 2021 608 pit
2039 509 2113 558 non
2128 499 2223 558 recte

508 687 559 772 V,
589 685 831 798 strigem,
1225 577 1378 772 ilpiiiiirg:
1401 582 1603 778 iiiiqiiiiiag
1625 584 1807 758 (iiutdiri’iii
1830 583 2224 786 pitririrniiiiuqiiidiiiliii

1226 776 1332 854 habet
1345 783 1543 861 literarum.
1583 782 1780 860 Contendit
1794 783 1976 864 Christum
1993 815 2065 864 esse
2081 791 2222 862 Media-

241 847 1174 992 E'iss'g'gssiowi„p,}i²pffi‘i¹u⁰ssi.,ffi¹i1¹315i113630ffi220ffl2
1225 897 1338 956 torem
1353 897 1491 958 tantum
1508 891 1702 960 secundum
1718 905 1883 962 naturam
1900 888 2104 968 humanam.
2142 890 2221 966 Etsi

274 987 307 1044 tir
324 988 354 1045 s.
370 989 401 1046 V.
416 987 578 1048 sanuses.
1225 985 1293 1058 scis
1307 986 1346 1056 in
1360 989 1465 1058 tertio
1482 989 1575 1060 libro
1590 983 1842 1086 Langobardi
1852 989 1956 1066 Dist.
1974 995 2033 1071 19.
2048 997 2222 1090 quaedam

172 1133 225 1216 CI
279 1141 288 1164 .
334 1145 342 1164 .
444 1143 453 1162 .
600 1140 672 1216 d..
834 1143 842 1164 .
1157 1143 1165 1164 .
1225 1087 1265 1158 in
1298 1111 1376 1158 eam
1407 1093 1618 1163 sententiam
1651 1094 1739 1166 dici:
1779 1109 1897 1166 tamen
1930 1097 2065 1168 ibidem
2090 1097 2222 1168 dicitur

224 1169 510 1232 aressrmasuro,
535 1169 596 1216 eru
626 1155 738 1216 strnue
755 1153 787 1217 et
805 1153 934 1216 vertute
951 1151 1174 1244 praestante,
1224 1184 1408 1262 Christum
1436 1195 1695 1286 redemptorem
1724 1196 1796 1266 dici
1816 1201 2011 1270 secundum
2034 1211 2223 1293 utramque

171 1245 226 1320 D·
256 1243 788 1346 V1⁰⁶¹⁰7¹⁸¹³⁰S²V¹⁸8d¹⁸⁰²
821 1246 861 1318 in
887 1239 1174 1320 Αωᾱθωίαιι·
1225 1305 1400 1364 naturam.
1451 1291 1500 1367 Et
1521 1298 1684 1368 sacerdos
1705 1293 1801 1370 haud
1825 1300 1934 1372 dubie
1951 1315 2004 1372 est
2018 1299 2221 1392 ingrediens

173 1375 277 1423 'mm
296 1343 508 1456 Pms‘mn
532 1344 925 1525 οΡέἕῖἒξίἔῗιηΜῆ
963 1371 1085 1422 ⁰m¹⁶⁰
1106 1375 1174 1422 ⁸²⁰
1225 1394 1264 1462 in
1285 1409 1445 1468 sanctum
1468 1411 1690 1485 sanctorum,
1714 1399 1752 1470 id
1769 1414 1840 1488 est,
1865 1402 1904 1472 iu
1921 1427 2089 1477 arcanum
2103 1403 2221 1472 consi-

1224 1496 1313 1566 lium
1336 1498 1552 1586 divinitatis,
1589 1523 1665 1570 non
1690 1515 1828 1574 tantum
1853 1495 1964 1600 φύσει
1984 1499 2222 1598 ἀνθρωπίνῃ.

171 1585 220 1678 S·
248 1597 294 1677 D.
343 1599 548 1674 clarissime
562 1603 618 1674 vir
632 1615 668 1676 et
680 1601 793 1676 amice
807 1596 1022 1690 charissime,
1047 1597 1174 1690 Orate,
1224 1595 1396 1670 Sacerdos
1424 1613 1541 1672 autem
1566 1599 1748 1674 Mediator
1770 1618 1840 1690 est,
1873 1620 1913 1678 ut
1935 1609 2038 1678 docet
2059 1601 2221 1698 Epistola

172 1703 291 1798 inquit
309 1701 424 1776 Filius
443 1703 529 1790 Dei,
561 1713 600 1776 ut
625 1702 666 1774 irs
688 1727 839 1774 musam
861 1727 970 1774 suam
995 1701 1173 1777 extrudat
1224 1701 1268 1770 ad
1292 1695 1474 1778 Ebroeos.
1529 1699 1585 1773 De
1608 1703 1739 1776 talibus
1759 1707 1867 1778 rebus
1890 1710 2070 1800 prodesset
2089 1707 2222 1780 multos

170 1803 279 1878 Deus
294 1799 452 1906 ἐργάτας
455 1799 592 1899 fideles
607 1813 639 1878 et
653 1802 855 1878 salutares.
892 1805 1027 1880 Hocut
1042 1809 1174 1880 arden-
1224 1825 1328 1895 saepe
1349 1819 1511 1877 amanter
1530 1805 1699 1901 colloqui.
1766 1805 1856 1892 Sed,
1889 1833 2009 1881 orem
2033 1808 2218 1880 miseram!

171 1910 243 1984 tius
259 1923 438 2002 petamus,
462 1909 591 2002 passim
605 1904 844 1982 Ecclesiarum
859 1908 1012 1982 orbitate
1028 1935 1173 1982 movea-
1224 1905 1359 1975 accedit
1380 1906 1484 1976 uobis
1506 1908 1550 1977 ad
1568 1921 1721 1978 caeteras
1735 1909 1950 1983 calamitates
1965 1906 2050 1982 haec
2067 1935 2221 2004 quoque,

170 2037 271 2096 mur,
304 2012 349 2081 de
366 2036 435 2107 qua
454 2033 582 2102 magno
598 2035 678 2082 cum
695 2009 819 2081 dolore
834 2010 960 2102 cogito.
1012 2007 1082 2084 Vix
1100 2011 1171 2084 iam
1224 2008 1319 2100 quod
1352 2029 1558 2098 congressus
1585 2009 1691 2080 etiam
1721 2023 1920 2103 temporum
1951 2013 2220 2084 difficultatibus

171 2114 366 2184 mediocres
381 2115 541 2184 doctores
557 2111 648 2186 Urbi
665 2125 784 2183 tantae
801 2109 992 2206 Augustae
1009 2112 1172 2185 invenire
1225 2108 1481 2200 impediuntur.
1514 2103 1699 2180 Murcido
1715 2106 1867 2183 Elector
1881 2127 2068 2185 vocaverat
2082 2109 2129 2190 l).
2145 2106 2221 2184 Pu-

170 2238 368 2312 possumus,
392 2239 482 2310 quae
496 2216 569 2286 suis
583 2214 653 2286 iam
669 2213 782 2284 literis
799 2227 833 2286 te
847 2227 960 2291 vocat.
1009 2211 1090 2288 Etsi
1106 2241 1172 2287 au.
1222 2231 1414 2280 mesanum
1428 2225 1463 2282 et
1478 2235 1534 2282 me
1550 2215 1593 2282 ad
1610 2206 1702 2283 banc
1716 2209 1920 2285 Stauelcars'
1933 2215 2221 2308 disputationem,

170 2332 242 2392 tem
265 2315 384 2410 accepi
398 2331 495 2388 tuam
512 2314 769 2407 responsioem,
800 2328 920 2386 tamen
935 2317 1170 2388 necessarium
1222 2313 1282 2382 sed
1298 2313 1367 2384 iter
1381 2326 1542 2383 nostrum
1559 2337 1682 2404 graves
1697 2338 1821 2388 causae
1838 2319 2079 2408 impedierunt
2088 2310 2139 2410 ').
2165 2315 2220 2386 Te

172 2443 247 2493 esse
261 2419 395 2505 censui,
420 2413 580 2490 exbiberi
595 2417 662 2490 tibi
679 2416 832 2490 Senatus
845 2413 1058 2512 Epistulam.
1090 2417 1171 2490 Ma-
1222 2439 1306 2496 oro,
1344 2429 1385 2485 ut
1415 2411 1505 2483 mihi
1528 2427 1629 2486 tuum
1655 2414 1827 2488 iudicium
1852 2417 2045 2510 significes,
2089 2421 2135 2489 de
2155 2417 2219 2488 illo
2342 2459 2344 2464 ·

169 2523 342 2594 minimus
362 2535 398 2593 et
413 2519 647 2593 Reverendus
666 2515 712 2590 D.
727 2515 911 2617 riueppius
934 2536 969 2592 et
991 2544 1074 2614 ego,
1106 2545 1172 2592 au.
1222 2509 1473 2610 Langobardi
1498 2516 1593 2588 dicto
1622 2519 1667 2590 de
1689 2516 1910 2607 Mediatore,
1949 2522 2044 2616 qnod
2072 2519 2218 2615 quidem

171 2626 249 2696 dire
266 2647 332 2694 nos
345 2629 533 2716 Augustae
546 2621 742 2695 multorum
760 2623 891 2693 civium
916 2623 1171 2716 disputationes
1222 2613 1488 2689 Bouuventuru
1512 2619 1612 2712 quasi
1636 2620 1798 2712 corrigit,
1835 2621 1898 2716 qui
1919 2623 2006 2692 dicit
2026 2622 2124 2692 alind
2146 2644 2220 2692 esse

171 2729 215 2800 de
230 2726 353 2798 multis
369 2728 487 2810 rebus,
512 2749 603 2818 quae
619 2725 854 2798 ostendebant
870 2725 972 2798 initia
988 2725 1171 2796 doctrinae
1222 2723 1399 2806 medium,
1425 2721 1522 2790 aliud
1542 2720 1788 2799 Mediatorem.
1839 2727 2086 2819 Augustanus
2106 2723 2221 2794 tabel-

170 2828 349 2900 inerndite
372 2827 423 2898 eis
442 2827 570 2899 tradita
587 2849 671 2898 esse.
724 2823 835 2897 ludes
852 2825 1077 2919 improbabat
1091 2851 1169 2898 mo-
1221 2823 1332 2894 larius
1355 2823 1471 2894 adlert
1492 2825 1539 2892 ad
1563 2845 1627 2896 vos
1646 2825 1777 2896 literas.
1825 2821 1906 2898 Etsi
1929 2840 2044 2898 autem
2060 2823 2219 2896 fortassis

168 2955 245 3002 rem
277 2929 521 3022 strangulandi
551 2927 665 3014 fures,
702 2940 738 2999 et
768 2929 1011 3018 strangulabat
1039 2943 1169 2999 tamen.
1220 2925 1372 3014 migrare
1393 2924 1499 2994 istinc
1520 2947 1596 2994 non
1621 2925 1738 2996 voles:
1771 2939 1891 2998 tamen
1915 2927 2067 3022 optarim
2086 2939 2122 2998 te
2145 2926 2217 2996 ali-

168 3027 218 3104 Et
239 3053 377 3124 possem
402 3031 472 3101 alia
492 3030 627 3100 maiora
642 3029 801 3104 recitare.
853 3027 939 3102 ldeo
955 3031 1058 3100 valde
1072 3043 1168 3122 opto,
1220 3039 1307 3122 quot
1336 3026 1518 3097 mensibus
1542 3029 1733 3122 Augustae
1763 3049 1855 3116 esse,
1891 3042 1933 3102 ut
1960 3025 2117 3100 Ecclesia
2146 3026 2218 3098 tuis

167 3148 209 3206 nt
232 3135 276 3204 ad
300 3129 392 3204 hanc
413 3132 706 3204 instaurationem
729 3126 883 3202 babeant
906 3134 1067 3204 doctores
1087 3132 1168 3203 ido-
1219 3128 1376 3198 consiliis
1392 3127 1497 3198 initio
1515 3130 1800 3201 constitueretur.
1851 3125 1930 3202 Oro
1949 3144 2065 3202 autem
2081 3127 2216 3200 Filium

168 3259 274 3316 neos,
302 3233 351 3307 Ut
367 3235 434 3306 scis
450 3234 532 3320 dici,
559 3230 654 3330 ἀρχὴ
671 3228 787 3327 ipsud
801 3227 950 3316 παντός.
1002 3232 1084 3304 Non
1098 3229 1167 3306 hoc
1218 3227 1304 3316 Dei,
1330 3245 1370 3302 ut
1384 3243 1417 3299 et
1433 3225 1519 3299 haec
1536 3243 1651 3301 vestra
1669 3231 1815 3302 consilis
1838 3245 1949 3323 regat,
1975 3247 2010 3304 et
2021 3227 2215 3301 Ecclesiam

167 3334 259 3408 mibi
280 3361 401 3422 sumo,
434 3350 474 3408 ut
496 3360 553 3406 me
574 3337 701 3407 vestris
724 3336 1043 3407 deliberationibus
1066 3337 1167 3426 inge-
1218 3333 1287 3402 sibi
1317 3333 1356 3400 iu
1380 3324 1587 3402 Germania
1615 3333 1751 3429 ubique
1781 3333 1934 3427 colligat.
1999 3330 2098 3404 Bene
2125 3329 2215 3406 vale.

165 3465 267 3526 ram,
299 3452 437 3512 tantum
462 3463 546 3524 oro,
579 3451 619 3509 ut
637 3438 667 3508 si
683 3437 757 3530 ipse
771 3437 945 3531 proficisci
961 3438 1000 3508 in
1014 3439 1165 3530 patriam
1217 3433 1285 3505 Die
1305 3436 1363 3508 ts.
1379 3431 1600 3507 Novembris.

166 3566 243 3614 non
265 3543 381 3626 voles,
405 3541 503 3610 viros
520 3540 668 3612 idoneos
684 3541 787 3612 nobis
804 3539 950 3616 indices.
999 3536 1165 3632 Exempli

165 3668 269 3716 musa
287 3643 481 3736 plurimum
497 3643 623 3728 refert,
648 3643 754 3713 etiam
772 3639 966 3714 Ecclesiam
984 3641 1023 3712 in
1039 3665 1079 3712 ea
1093 3639 1164 3715 Ur-

164 3747 211 3819 be
225 3761 317 3818 recte
331 3743 512 3817 constitui.
541 3741 640 3815 Bene
657 3743 747 3820 vale.
780 3741 848 3815 Die
867 3746 926 3819 15.
940 3741 1163 3817 Novembris.
1214 3771 1284 3844 No·
1298 3767 1411 3848 5264·
2054 3786 2114 3850 ¹3·
2131 3775 2211 3844 ppo„

859 3841 1060 3940 Philippus.
1222 3867 1394 3898 *Α*
2040 3867 2212 3898 ‘0⁹⁹

1557 3954 1624 4043 Io.
1650 3955 1867 4072 Stigetio.

1280 4115 1370 4174 Dans·
1382 4133 1445 4190 epp.
1456 4115 1492 4174 sd
1504 4116 1573 4194 Sliq,
1587 4137 1631 4194 ep.
1641 4121 1685 4178 16.
1718 4120 1787 4180 cod.
1798 4117 1881 4178 cora
1896 4118 1954 4178 188.
1965 4135 2009 4192 ep.
2022 4117 2082 4175 110.

160 4207 356 4340 Q·
984 4211 1157 4336 Q
1212 4229 1437 4348 Clarissimo
1459 4275 1556 4364 ciro,
1595 4275 1765 4374 iugenio,
1798 4271 2000 4350 eruditione
2024 4283 2056 4348 et
2080 4273 2210 4348 virtute

1229 3643 1419 3654 —--—.-

485 4391 544 4482 Ε,
575 4392 828 4510 Βρῆῃφῇο,
1209 4376 1440 4476 praestanti,
1464 4375 1521 4452 D.
1544 4373 1726 4499 Ioanni
1747 4376 1902 4476 stiget
1910 4377 1971 4463 io,
2003 4377 2124 4452 amica
2140 4399 2210 4450 sua

1541 4504 1753 4570 carissimo,
1776 4481 1814 4556 S.
1829 4483 1879 4558 D.

1260 4619 1366 4686 Pastor
1380 4619 1538 4687 Aristaeus
1554 4623 1655 4686 dirius
1669 4627 1765 4707 gloria
1778 4627 1857 4690 ruris

308 4709 469 4784 Ductori
490 4706 533 4782 E
540 4703 718 4782 altardo
744 4703 1006 4811 Saduepsia
1260 4721 1309 4787 Str
1323 4729 1440 4804 utros,
1462 4729 1567 4808 patriis
1583 4737 1613 4789 st
1631 4747 1737 4810 paoem
1750 4727 1854 4790 reden
1866 4728 1900 4788 ts
1916 4727 1987 4790 orta.

229 4557 314 4635 spor
332 4557 380 4614 ru.
395 4555 429 4614 u.
446 4573 474 4629 μ
491 4555 550 4612 ur.
568 4555 623 4626 (aa.
637 4553 724 4614 tana
742 4555 792 4614 ru.
804 4553 841 4614 rr.
858 4571 903 4630 a..
916 4553 1001 4626 ross

159 4851 211 4940 S·
234 4861 280 4938 1).
310 4859 541 4934 'Revefssssde
556 4861 660 4932 vitel
675 4861 787 4932 amice
802 4855 1024 4950 charissime,
1048 4861 1157 4956 Quod
1208 4851 1310 4936 Hinc
1332 4865 1426 4937 enim
1452 4867 1566 4938 ordiri
1587 4867 1691 4956 libet,
1717 4883 1758 4941 ut
1773 4867 1970 4962 intelligas,
1994 4879 2096 4939 tuum
2110 4859 2203 4936 mihi

157 4990 233 5038 non
248 4965 365 5036 scribo
381 4963 537 5056 saepius,
557 4975 696 5034 tanturn
712 4961 862 5034 tribuito
877 4963 964 5033 meis
979 4965 1156 5038 veloccu·
1207 4991 1337 5038 munus
1367 4981 1504 5058 gratum
1537 4992 1622 5044 esse.
1678 4967 1759 5044 Etsi
1791 4985 1909 5044 autern
1943 4969 2058 5040 nostri
2087 4963 2202 5038 libelli

156 5067 362 5162 petionibus
384 5063 442 5134 vel
465 5065 658 5136 aerumnis.
708 5061 800 5133 Nam
822 5065 1155 5160 prolectoqnotidie
1205 5069 1360 5162 squalidi
1375 5083 1410 5140 et
1425 5071 1559 5140 sordidi
1577 5083 1677 5159 sunt,
1703 5085 1821 5144 tamen
1838 5097 1918 5146 cum
1933 5073 2089 5165 primum
2102 5087 2201 5140 arce-

155 5184 275 5244 tecum
295 5166 453 5262 colloqui
470 5167 597 5259 cupio,
622 5188 698 5236 non
713 5167 758 5235 de
773 5163 898 5257 populi
912 5167 1068 5255 labellis,
1091 5173 1152 5240 sed
1207 5193 1289 5260 pero
1312 5173 1468 5265 exempla
1484 5173 1605 5265 scripti
1620 5169 1703 5270 saepi
1717 5180 1856 5272 ψυχῆς,
1887 5198 1977 5270 qnae
1996 5173 2068 5244 iam
2084 5171 2199 5241 edum

154 5273 200 5344 de
223 5267 439 5362 gravisdmis
458 5269 641 5341 doctrinae
659 5263 925 5338 Ecclesiasticae
945 5281 1153 5342 controver-
1206 5289 1284 5358 tur,
1318 5273 1385 5344 tibi
1408 5275 1546 5346 mittam
1568 5275 1813 5374 qualecunque
1834 5269 2065 5372 circidtupom·
2095 5293 2199 5366 prae·

153 5373 228 5448 siis.
260 5367 314 5443 Ac
326 5369 451 5462 scripsi
464 5371 658 5466 quaedam,
682 5391 773 5464 quae
786 5367 853 5440 tibi
864 5369 1054 5442 iudicanda
1066 5373 1152 5444 mit-

150 5487 235 5550 tam.
269 5469 496 5562 Stomatas,
520 5495 626 5570 quem
642 5469 765 5544 vidisti
775 5463 1022 5562 Ratisbouae,
1046 5473 1149 5546 valde
1233 5497 1263 5567 s)
1283 5495 1345 5550 vit.
1360 5515 1420 5570 epp.
1437 5495 1463 5552 p,
1478 5495 1505 5550 3,
1519 5495 1583 5550 0..
1602 5495 1679 5554 tsst.
