4614 6226
82 347 142 422 tat
619 341 1060 422 EPISTOLARUM
1123 343 1230 421 [ΑΒ.
1263 341 1328 420 XI.
1384 343 1515 416 ¹549.
2029 353 2104 427 898

82 533 190 594 centes:
215 533 373 612 agentem
396 519 651 612 poenitentiam
672 542 748 588 non
770 517 1056 609 deberedubita-
1101 515 1303 585 laciendum
1326 525 1397 595 est,
1433 517 1515 608 quia
1547 515 1731 608 posteritas
1755 519 1793 589 in
1816 519 1938 594 niultis
1960 539 2104 596 contro·

82 649 127 710 re,
148 648 188 694 au
203 623 393 716 recipiatur
406 621 444 692 in
461 623 626 714 gratiam,
655 623 714 690 sed
732 643 932 711 repugnare
950 617 1055 690 dubi·
1102 618 1226 688 versiis
1265 616 1485 704 iudicandis,
1525 619 1835 710 interpretationes
1879 626 2104 718 superiorum

82 726 183 799 tationi
208 726 246 794 in
269 725 482 818 pavoribus,
509 740 543 796 et
561 723 724 807 eluctari,
750 747 789 792 ac
809 723 878 792 fide
892 735 1055 806 statuere,
1101 734 1272 814 tanquam
1296 720 1533 790 confessiones
1554 736 1587 790 et
1602 717 1780 794 Ecclesiae
1803 727 1955 813 iudicia,
1981 729 2104 823 inqui·

83 853 109 898 sc
128 827 228 920 recipi
249 828 284 895 in
308 827 468 916 gratiam.
520 822 574 896 Ac
598 827 696 896 iubet
709 823 877 919 Synodus
893 847 1056 916 perseve-
1102 823 1161 897 rit.
1213 821 1269 893 Sit
1286 821 1395 912 igitur
1411 822 1653 914 interpretatio
1669 851 1771 912 vera,
1798 830 1999 920 perspicua,
2024 831 2103 924 pla-

82 955 143 1000 rare
161 926 321 1000 homines
344 929 382 996 in
404 928 643 1012 dubitatione,
669 941 705 997 et
727 923 820 996 hanc
844 927 1056 1018 interpreta—
1102 949 1167 1006 na,
1194 924 1271 993 sine
1291 923 1540 1014 ambiguitate,
1566 940 1606 996 ut
1628 940 1797 1022 tanquam
1822 955 1902 1001 vera
1927 933 2100 1003 consessio
2127 945 2136 956 '

82 1034 192 1104 tionem
210 1031 356 1120 adfingit
371 1031 466 1102 dicto
482 1027 703 1114 Salomonis3
732 1026 853 1098 Nescit
867 1023 994 1114 homo,
1008 1052 1054 1097 au
1101 1039 1260 1120 posteros
1274 1027 1413 1098 erudiat
1430 1040 1464 1096 et
1479 1029 1672 1100 confirmet.
1758 1045 1761 1058 ·

79 1159 180 1206 amore
201 1133 257 1202 vel
275 1133 359 1202 odio
381 1132 510 1224 dignus
532 1132 588 1206 sit.
639 1129 709 1200 Hic
724 1154 824 1202 error
840 1129 980 1225 Synodi
992 1131 1055 1200 de·
1205 1125 1328 1221 ltaque
1346 1121 1634 1199 extareLutlzeri
1647 1134 1918 1204 commentarios
1935 1135 2024 1207 utile
2038 1149 2102 1220 est,

77 1238 117 1308 let
137 1232 313 1324 Evangelii
337 1235 560 1326 praecipuam
583 1246 618 1304 et
641 1233 821 1326 propriam
846 1232 1056 1313 doctrinam,
1102 1231 1186 1325 quia
1204 1243 1238 1300 et
1256 1230 1436 1300 illustrant
1457 1228 1682 1322 propheticos
1700 1249 1732 1304 et
1747 1238 1958 1326 apostolicos
1980 1238 2102 1322 libros,

76 1339 184 1410 adimit
212 1337 488 1408 consolationem
522 1337 590 1428 piis
623 1336 804 1410 mentibus
825 1348 859 1406 et
883 1335 1057 1423 extinguit
1103 1347 1138 1404 et
1154 1332 1390 1402 confessiones
1406 1333 1480 1402 eius
1497 1336 1681 1406 continent
1697 1340 1739 1405 de
1754 1339 1918 1408 vvvviversa
1937 1337 2102 1410 doctrina

76 1439 330 1512 invocationem.
381 1437 454 1508 Nec
466 1462 551 1508 vero
565 1437 744 1509 deluitilli
758 1436 874 1507 coetui
890 1437 1055 1506 eruditio.
1101 1431 1290 1508 Ecclesiae.
1343 1432 1485 1523 Quanta
1508 1437 1601 1506 enim
1627 1437 1735 1510 luerit
1758 1441 1834 1510 cius
1850 1442 2037 1512 dexteritas
2064 1441 2102 1509 in

74 1542 135 1614 Sed
156 1535 343 1624 Monacbi,
375 1539 536 1610 fascinati
557 1541 630 1610 suis
652 1537 956 1631 persuasionibus,
981 1562 1057 1608 cer·
1102 1536 1415 1627 interpretatione,
1442 1539 1633 1626 prudentes
1649 1540 1752 1610 facile
1768 1543 1924 1612 iudicare
1941 1557 2102 1636 possunt,

73 1668 148 1714 nere
170 1644 283 1714 lucem
305 1643 462 1712 veritatis
485 1641 632 1726 nolunt,
657 1642 740 1736 quia
763 1634 940 1710 humanae
956 1663 1057 1708 men-
1102 1639 1307 1731 praesertim
1333 1639 1470 1708 collatis
1496 1639 1649 1710 aliorum
1673 1645 1969 1715 enarrationibus.
2019 1642 2102 1715 Scio

71 1759 116 1816 tes
146 1745 295 1815 naturali
329 1744 462 1814 iudicio
488 1743 672 1830 dubitant,
706 1768 752 1813 an
773 1738 851 1812 Deo
882 1743 1056 1834 placeant,
1102 1737 1308 1810 Erasmom
1332 1737 1613 1812 Roterodamurn
1636 1745 1780 1814 solitum
1810 1747 1945 1830 dicere,
1979 1743 2102 1816 Nemi-

69 1847 263 1940 praesertim
281 1869 361 1916 curn
374 1843 518 1916 videant
535 1841 625 1915 banc
638 1845 803 1914 miseram
819 1858 982 1916 naturam
999 1844 1055 1912 in·
1102 1869 1184 1913 nem
1208 1865 1280 1912 esse
1303 1844 1532 1932 interpretem
1556 1846 1788 1915 dexteriorem
1811 1851 1990 1933 omnium,
2012 1873 2102 1941 quo-

65 1951 221 2041 gcntibus
253 1948 511 2018 calamitatibus
537 1961 716 2018 oneratam
744 1969 829 2022 esse.
883 1944 968 2016 Ideo
992 1969 1056 2014 an·
1102 1971 1183 2016 rum
1197 1958 1318 2014 extant
1334 1943 1454 2014 literae
1473 1959 1552 2035 post
1569 1942 1771 2038 Apostolos.
1824 1945 1871 2018 Et
1889 1949 2102 2041 audiviipse

67 2065 131 2122 tem
153 2050 339 2141 promissio
362 2049 484 2119 divina
508 2051 600 2120 edita
624 2062 693 2134 est,
716 2061 756 2119 ut
778 2043 863 2118 huic
884 2048 1057 2136 imagina-

68 2153 149 2224 tioni
164 2165 382 2243 opponatur,
401 2165 436 2222 ct
455 2152 639 2241 agentibus
656 2149 911 2241 poenitentiam
926 2149 1056 2219 volun-

68 2271 114 2327 tas
126 2253 192 2324 Dei
210 2267 308 2323 certo
325 2267 408 2322 nota
424 2255 480 2324 sit.
532 2252 630 2340 Quid
648 2253 793 2323 interest
814 2254 908 2322 inter
921 2245 1055 2320 Ethni-

71 2379 123 2426 cos
138 2371 170 2427 et
189 2351 405 2441 Ecclesiam,
430 2355 459 2424 si
480 2368 685 2446 perpetuam
709 2355 748 2422 in
767 2353 934 2424 omnibus
947 2353 1056 2422 darbi-

68 2459 226 2528 tationem
249 2481 322 2526 esse
343 2469 500 2548 oportet,
526 2457 555 2526 si
581 2457 693 2526 deleta
717 2456 953 2548 promissione
975 2467 1056 2524 tan-

1102 2047 1276 2140 sapientes
1298 2057 1332 2114 et
1355 2069 1476 2136 graves
1500 2047 1613 2131 viros,
1640 2071 1679 2117 ac
1701 2051 1900 2126 doctrinam
1924 2047 2102 2121 Ecclesiae

1102 2149 1358 2238 intelligentes,
1390 2150 1485 2218 idern
1512 2151 1555 2217 de
1576 2140 1745 2220 Lulheru
1777 2153 1994 2242 praedicare,
2027 2151 2101 2222 Nec

1102 2253 1251 2320 obscura
1274 2275 1330 2320 res
1352 2263 1422 2333 est,
1449 2251 1621 2321 iudicium
1638 2266 1672 2320 et
1687 2257 1875 2323 candorem
1894 2255 1931 2322 in
1949 2254 2101 2324 lectione

1101 2347 1297 2421 adhibenti.
1349 2349 1401 2420 Ac
1418 2367 1458 2422 ut
1474 2356 1517 2422 de
1533 2353 1700 2424 laudibus
1716 2356 1869 2446 ingenii,
1897 2355 2101 2446 diligentiae

1102 2468 1137 2524 et
1153 2454 1351 2524 studiorum
1368 2455 1479 2548 ipsius
1493 2477 1567 2523 uon
1585 2457 1720 2544 dicam,
1749 2483 1828 2527 cum
1846 2457 2019 2560 divinitps
2043 2483 2102 2527 ex-

65 2575 132 2629 tum
150 2583 274 2628 vocem
290 2558 376 2646 legis
392 2559 601 2627 audiemus?
645 2556 717 2628 Nec
737 2557 903 2652 Synodus
916 2569 1054 2627 tautum
1102 2558 1228 2626 citatus
1243 2557 1350 2626 suerit
1367 2557 1410 2624 ad
1430 2557 1686 2627 restituendam
1705 2561 1886 2630 doctrinae
1913 2559 2100 2650 puritatem

63 2659 261 2731 Salomonis
279 2660 383 2728 verba
402 2662 590 2750 depravat,
615 2663 674 2730 sed
699 2661 901 2731 universam
923 2659 1056 2730 doctri·
1102 2659 1141 2727 in
1165 2655 1487 2743 Ecclesia-munis
1508 2660 1652 2730 dotibus
1677 2661 1871 2733 instructus
1896 2661 1985 2747 fuit,
2011 2686 2101 2756 quae

66 2785 136 2830 nam
154 2763 199 2831 de
219 2760 356 2831 iusticia
373 2762 454 2830 fidei
465 2762 569 2836 delet.
622 2759 728 2831 Tales
746 2763 1055 2853 interpretationes
1102 2761 1316 2830 necessariae
1329 2773 1412 2830 suut
1429 2761 1582 2836 docenti.
1635 2761 1762 2835 Pectus
1780 2778 1853 2834 erat
1876 2767 2004 2834 ardeus
2026 2779 2101 2834 stu-

64 2863 241 2933 manileste
264 2876 460 2954 pugnantes
479 2885 559 2932 curn
572 2859 787 2953 Evangelio,
810 2867 840 2933 si
858 2863 975 2952 valere
991 2889 1055 2932 vo·
1102 2864 1163 2932 dio
1190 2863 1421 2932 illustrandae
1444 2864 1575 2952 gloriae
1601 2861 1689 2946 Dei,
1725 2879 1758 2936 et
1781 2867 1955 2936 iuvandae
1976 2863 2102 2936 Eccle-

63 2963 149 3046 leut,
171 2978 214 3035 ut
238 2950 389 3034 iudicata
410 2966 447 3036 in
472 2964 651 3054 lmperiis,
677 2981 822 3058 propter
838 2960 968 3055 regiain
991 2987 1055 3034 au·
1101 2965 1191 3044 siae,
1217 2979 1258 3034 ut
1282 2987 1364 3034 vera
1389 2965 1613 3036 invocatione
1631 2966 1726 3038 Dens
1754 2969 1939 3041 coleretur.
1989 2965 2103 3056 Lege-

65 3067 254 3154 toritatem,
280 3080 452 3162 quantum
468 3067 607 3137 sceleris
624 3065 715 3138 erit?
764 3064 817 3137 Ac
832 3089 970 3160 possem
986 3065 1055 3136 alia
1104 3081 1160 3137 rat
1174 3063 1337 3150 assidue,
1355 3079 1394 3135 ut
1413 3090 1517 3136 nemo
1532 3067 1644 3154 alins,
1670 3065 1894 3162 propheticos
1911 3083 1945 3140 et
1960 3085 2102 3162 aposto·

63 3167 187 3238 similia
204 3168 361 3260 exempla
380 3169 543 3250 recitare,
567 3193 663 3240 nunc
678 3191 719 3240 eo
738 3179 875 3240 tantum
898 3162 984 3238 haec
999 3191 1057 3237 re·
1103 3169 1191 3238 licus
1220 3168 1351 3252 libros,
1391 3180 1427 3236 et
1461 3183 1620 3238 veterum
1654 3174 1815 3242 oxnnium
1847 3171 2100 3242 enarrationes.

62 3271 198 3356 censui,
232 3284 275 3341 ut
297 3271 487 3340 discrimen
513 3271 728 3341 iudiciorum
752 3270 790 3340 in
820 3269 995 3362 lmperiis,
1022 3281 1057 3341 ct
1102 3269 1175 3342 Nee
1192 3263 1291 3338 rudis
1310 3282 1383 3338 erat
1408 3270 1609 3360 linguarum
1626 3269 1798 3344 Ebraicae
1814 3287 1848 3343 et
1866 3269 2041 3357 Graecae,
2067 3285 2101 3340 et

60 3368 97 3438 in
113 3372 364 3442 controversiis
377 3374 560 3442 doctrinae
574 3374 838 3458 consideretur,
863 3385 952 3444 etot
969 3397 1056 3465 pru·
1104 3373 1228 3442 eximia
1249 3384 1323 3440 erat
1345 3371 1486 3441 solertia
1512 3373 1550 3440 in
1572 3373 1760 3444 iudicanda
1780 3369 1911 3466 phrasi.
1961 3373 2101 3444 Hause-

56 3472 174 3543 dentia
206 3469 419 3544 adhibeatur
442 3478 479 3544 in
505 3475 760 3545 diiudicatione
794 3475 1057 3567 interpretatio·
1104 3489 1157 3544 rat
1173 3497 1254 3564 ergo
1272 3499 1311 3542 ex
1326 3474 1485 3544 sontibus
1500 3475 1681 3545 doctrinae
1699 3499 1889 3561 stammam,
1915 3473 1963 3546 Et
1978 3477 2101 3564 cogui-

56 3597 163 3660 num,
191 3599 281 3670 qnae
301 3592 498 3668 congruant
513 3601 593 3648 cum
611 3579 788 3662 sontibus,
814 3578 1056 3672 quaedissen-
1104 3579 1237 3648 tionem
1263 3577 1405 3644 alebant
1426 3590 1458 3645 et
1488 3575 1742 3646 confirmabant
1770 3577 1932 3648 exercitia
1957 3575 2040 3647 fidei
2066 3591 2101 3648 ct

58 3675 160 3748 tiant.
1105 3678 1340 3748 invocationis
1355 3677 1392 3746 in
1408 3675 1530 3748 multis
1542 3677 1711 3772 periculis
1727 3693 1762 3749 et
1773 3678 1993 3748 difficillimis
2010 3679 2100 3748 deli-

152 3777 294 3850 Multae
327 3793 444 3850 extant
469 3779 825 3852 commonefactiones
848 3775 1057 3865 Oratorum,
1104 3779 1359 3852 berationibus.
1418 3779 1471 3850 Ac
1494 3780 1536 3848 ad
1559 3775 1802 3872 propheticam
1820 3795 1853 3851 et
1870 3781 2099 3874 apostolicam

54 3901 144 3971 quae
155 3881 282 3952 iubent
296 3903 489 3972 congruere
506 3907 626 3953 vocem
637 3881 758 3971 Legis,
776 3899 809 3955 et
824 3907 944 3953 vocem
958 3882 1055 3952 ludi·
1102 3883 1290 3952 lectionem
1315 3883 1519 3962 accedebat,
1545 3895 1585 3951 ut
1607 3883 1659 3951 ibi
1679 3881 1794 3954 Deum
1817 3883 2020 3978 loquentem
2036 3909 2101 3953 au-

54 3979 104 4048 cis
118 3981 157 4050 in
172 3984 430 4074 gubernatione
446 3985 608 4076 politica,
623 4009 661 4054 ac
670 3981 925 4056 Demosthenes
938 3980 1055 4056 hone·
1102 3985 1213 4069 diret,
1239 4000 1273 4054 et
1296 3985 1413 4074 agnita
1428 3981 1494 4052 Dei
1517 3984 1700 4056 voluntate
1725 3987 1762 4054 in
1788 3987 1862 4080 ipsa
1877 4011 1963 4056 voce
1977 3985 2100 4055 divina

54 4082 246 4156 ctissimam
263 4087 474 4156 sententiam
489 4085 632 4158 Solonis
646 4099 783 4172 narrat,
807 4111 888 4158 cum
911 4087 1053 4179 capitali
1101 4087 1346 4180 acquiesceret.
1398 4085 1568 4158 Sumehat
1599 4087 1708 4177 igitur
1740 4107 1781 4156 ex
1815 4111 1895 4156 vera
1927 4087 2100 4156 sermonis

55 4187 235 4276 supplicio
260 4188 471 4258 adliciantur
492 4184 548 4270 bi,
581 4189 642 4284 qui
661 4190 870 4260 nomismata
892 4212 1055 4260 corrum-
1102 4189 1359 4278 significatione
1392 4189 1604 4259 sententiam
1636 4211 1745 4259 unam
1772 4201 1806 4260 et
1837 4189 1992 4274 firmam,
2025 4209 2098 4257 non

53 4301 162 4374 punt,
187 4290 301 4360 multo
323 4289 503 4380 digniores
524 4313 598 4361 esse
613 4315 724 4383 poena
742 4313 819 4376 eos,
842 4291 1054 4385 quiLegum
1102 4291 1301 4382 attingebat
1340 4291 1544 4382 peregrinas
1584 4292 1786 4363 sententias.
1856 4289 1977 4384 ltaque
2018 4312 2098 4357 erran

55 4391 277 4483 corruptelas
302 4392 510 4481 excogitant.
562 4390 616 4464 Ac
629 4415 753 4462 verum
773 4409 842 4478 est,
867 4417 940 4463 rem
957 4395 1055 4463 iniu-
1100 4417 1249 4484 magnae
1272 4395 1311 4462 in
1334 4390 1490 4462 Ecclesia
1512 4393 1678 4460 tenebrae
1699 4403 1831 4470 essent,
1853 4407 1886 4462 et
1901 4393 1962 4472 lux
1975 4385 2097 4461 Evan-

54 4499 142 4559 stam
154 4507 196 4564 et
210 4481 443 4584 perniciosam
467 4517 540 4564 esse
561 4495 658 4565 civili
684 4491 872 4566 hominurn
895 4495 1053 4566 societati
1102 4497 1185 4586 gelii
1210 4515 1375 4588 oppressa
1400 4506 1487 4562 esset
1503 4487 1702 4582 sophisticis
1719 4487 1930 4588 labyrinthis
1948 4489 2099 4564 Senten-

54 4585 174 4680 legurn
189 4596 491 4686 depravationem.
542 4595 611 4669 Sed
632 4597 811 4668 inlinitum
826 4609 894 4684 est,
920 4613 1053 4693 quanto
1101 4599 1307 4681 tiariorum,
1339 4593 1588 4685 superstitione
1610 4589 1884 4665 Canonistarum
1908 4608 1943 4664 et
1966 4591 2099 4664 Mona-

51 4693 171 4764 maius
187 4711 222 4768 et
234 4697 470 4789 perniciosius
480 4698 671 4783 scelusest,
690 4701 961 4770 decretadivina
974 4725 1056 4772 mu·
1102 4695 1269 4782 chorum,
1296 4709 1329 4766 et
1353 4695 1459 4764 variis
1483 4694 1662 4766 idolorum
1684 4695 1855 4775 cultibus,
1880 4697 1955 4788 ipse
1974 4719 2098 4766 accen·

47 4799 144 4874 lare,
165 4795 286 4868 Deum
303 4799 517 4868 contumelia
540 4801 716 4888 adlicere„
730 4803 904 4872 abducere
920 4815 1056 4873 mentes
1102 4825 1162 4873 sus
1183 4799 1373 4880 divinitus,
1398 4797 1596 4868 doctrinam
1622 4797 1842 4882 emendavit,
1868 4811 1901 4868 et
1921 4797 2098 4892 revocavit

40 4877 244 4970 hominum
261 4901 306 4970 ab
316 4899 495 4990 agnitione
506 4898 667 4987 veriDei,
681 4904 803 4973 iubere
820 4919 859 4974 ut
875 4929 1055 4974 commen·
1101 4901 1295 4973 Ecclesiam
1321 4900 1364 4969 ad
1387 4899 1523 4982 tontes,
1547 4899 1701 4971 ostendit
1726 4899 1828 4988 Legis
1853 4913 1887 4969 et
1911 4893 2097 4990 Evangelii

33 4989 127 5068 licia
144 5001 306 5072 Numina
325 5003 555 5089 invocentur,
573 5017 614 5074 ut
629 5000 776 5074 Ethnici
793 5007 943 5076 subinde
961 5029 1053 5075 nova
1102 5003 1310 5088 discrimen,
1336 5003 1499 5095 patefecit
1520 5001 1693 5072 iusticiam
1710 5001 1809 5086 fidei,
1837 4999 1978 5073 sustulit
2000 5025 2099 5072 erro·
2197 5017 2210 5040 ·

24 5105 203 5174 numina
223 5104 486 5194 excogitabant,
511 5116 545 5175 et
559 5105 681 5177 multis
702 5105 770 5175 iam
789 5109 916 5178 seculis
937 5131 1054 5198 popu·
1100 5129 1157 5176 res
1174 5106 1356 5176 doctrinae
1372 5107 1416 5174 de
1430 5103 1664 5196 poenitentia,
1689 5101 1849 5172 distinxit
1868 5125 1968 5174 veros
1982 5103 2098 5174 cultus

14 5185 99 5270 lus
119 5205 173 5274 ab
188 5201 396 5276 bominibus
412 5205 564 5276 mortuis
578 5229 680 5299 opern
699 5207 885 5298 implorat,
921 5222 953 5277 et
970 5207 1053 5278 Mo·
1100 5205 1167 5284 Dei
1184 5222 1218 5276 et
1233 5203 1437 5302 hypocrisin
1461 5205 1695 5276 traditionum
1712 5199 1969 5290 humanarum,
1993 5229 2098 5274 mon-

5 5307 29 5352 ὓ
66 5301 153 5375 achi
190 5307 344 5377 subinde
370 5331 484 5378 novos
514 5309 605 5380 ritus
631 5309 873 5384 instituerunt.
932 5309 1053 5398 Quare
1101 5310 1226 5380 stravit
1256 5333 1360 5378 vistim
1388 5321 1706 5388 sacramentorum,
1740 5331 1830 5400 quae
1852 5306 2023 5378 divinitus
2041 5306 2097 5373 io-

7 5408 189 5480 *kxmrna
208 5433 291 5480 cura
307 5411 446 5480 nativae
461 5411 655 5482 sententiae
671 5414 893 5505 quaerendae
915 5428 949 5484 et
965 5413 1052 5482 reti·
1100 5413 1220 5482 stituta
1235 5425 1329 5481 sunt.
1361 5407 1525 5503 Denique
1540 5409 1778 5478 consessiones
1794 5409 1905 5478 edidit
1921 5411 1966 5478 de
1979 5408 2096 5476 omni-

26 5511 191 5580 aradae
207 5525 311 5594 sunt,
338 5513 433 5608 quod
452 5537 493 5584 eo
514 5513 620 5585 etiam
640 5513 784 5586 fidelius
802 5526 836 5584 et
857 5513 1049 5587 studiosius
1100 5515 1168 5586 bus
1191 5513 1373 5610 doctrinae
1397 5511 1588 5604 capitibus,
1610 5535 1696 5605 quas
1718 5523 1832 5580 extare
1855 5511 1895 5577 ειιΙ
1913 5508 2097 5600 posterita-
