4680 6220
77 331 137 412 sss
660 295 1098 401 destruentium
1148 285 1255 384 nus.
1277 295 1344 384 tt.
1398 285 1532 380 asta
2043 305 2117 382 see

86 514 195 582 doctus
216 513 290 589 est,
322 489 360 574 et
379 483 484 572 addc
503 477 702 584 modestus,
734 509 776 574 ut
800 495 906 566 etiam
930 483 1074 562 honesti
1122 493 1196 556 tere
1206 481 1446 550 decreveram.
1498 473 1606 566 Quod
1623 489 1741 548 autem
1756 473 1797 549 C.
1815 475 1859 552 V.
1875 489 1976 572 putat
1992 478 2117 570 prolu-

90 611 196 682 siriin
211 601 345 676 Darsa
363 615 564 676 testantur..
582 599 725 692 Quaeso
741 595 837 672 utC.
851 594 897 672 V.
912 595 994 679 iam,
1014 603 1074 663 aut
1121 599 1242 658 turum
1261 604 1335 652 esse
1349 591 1564 652 conventum
1578 593 1616 650 et
1630 578 1680 648 ibi
1690 580 1945 662 statuendum,
1970 581 2055 674 quid
2072 579 2118 650 ad

96 737 164 788 cum
192 707 364 801 primum'
382 705 521 778 occasio
554 705 641 785 erit,
674 700 901 774 commendet
932 696 983 784 ci,
1017 693 1076 764 vel
1123 700 1319 760 extremum
1334 681 1515 754 defensuri
1534 681 1662 766 simus,
1687 701 1751 770 ego
1767 682 1887 772 potius
1901 695 2021 754 metuo
2043 681 2118 752 eins

97 813 253 888 Ecclesiae
288 807 441 880 alicuius
473 806 786 896 gubernationem,
829 801 890 872 vel
922 793 1076 871 Diaconi
1123 783 1526 860 consentuscertareina
1547 797 1583 856 et
1599 783 1749 868 exitum3
1772 781 1847 855 Nec
1863 771 1915 854 ibi
1931 784 2120 875 disputan-

94 915 308 990 functionem.
365 909 498 1004 Spero,
522 905 600 980 Deo
622 909 783 992 iuvante,
805 903 867 997 pie
887 915 921 974 et
939 901 1077 972 utiliter
1124 893 1210 962 duna
1231 889 1318 974 erit,
1348 887 1434 981 quid
1456 879 1609 956 retinere
1629 885 1797 970 velimus,
1828 909 1913 956 nam
1940 885 2021 956 aula
2043 909 2118 954 non

93 1015 293 1090 serviturum
320 1033 397 1082 esse
423 1009 601 1084 Ecclesiae
627 1007 706 1085 Dei.
756 1005 849 1079 Nam
876 1003 1077 1076 eruditione
1124 993 1202 1064 vult
1223 991 1291 1062 sibi
1311 987 1451 1082 imponi
1470 1009 1560 1058 onus
1584 999 1646 1058 aut
1672 985 1873 1079 periculum
1896 987 1970 1057 ulla
1993 988 2119 1058 deien-

88 1133 169 1191 recte
184 1119 382 1188 instructus
394 1097 464 1202 est',
489 1125 526 1184 et
540 1133 656 1184 mores
679 1124 764 1184 sunt
779 1109 887 1194 tales,
912 1119 954 1178 ut
975 1127 1077 1176 men·
1124 1094 1234 1166 dandi
1255 1095 1436 1182 dogmata,
1457 1087 1540 1202 ¹Nec
1558 1111 1625 1180 ego
1653 1111 1713 1158 eos
1735 1090 1892 1160 onerabo
1916 1088 2120 1206 defensione

85 1237 247 1294 tenuere
263 1230 442 1288 amantem
459 1214 710 1308 essepietatis,
733 1225 768 1284 et
791 1231 973 1281 accensam
994 1229 1078 1276 vera
1123 1199 1185 1268 vel
1201 1196 1272 1266 mci
1291 1193 1478 1286 Corporis.
1506 1192 1740 1261 1111111111111
1762 1191 2031 1310 sententiarum.
2080 1188 2122 1260 St

87 1325 157 1410 lide,
180 1321 355 1394 indicent.
397 1307 476 1388 Oro
493 1317 614 1408 igitur,
636 1329 679 1388 nt
692 1313 734 1391 C.
750 1313 794 1384 V.
810 1311 985 1383 rationem
1001 1307 1077 1378 eius
1124 1312 1239 1392 potest
1258 1297 1412 1368 obtineri
1426 1307 1571 1388 propter
1587 1317 1811 1364 communem
1826 1293 2123 1387 tranqudbtateru

87 1423 218 1499 babeat.
255 1421 342 1494 Post
356 1420 511 1492 reditum
526 1443 645 1491 mcum
662 1443 704 1490 ex
718 1411 848 1510 Terga
862 1411 980 1503 accepi
996 1410 1079 1482 lite-
1113 1420 1171 1472 'nc
1192 1401 1338 1472 turbent
1356 1395 1550 1478 Ecclesiae,
1579 1395 1733 1468 libenter
1761 1396 1801 1466 in
1827 1391 1885 1464 bis
1915 1395 2124 1494 regionibus
2218 1443 2220 1452 .
2282 1393 2289 1400 '

88 1551 193 1600 roser
216 1524 341 1596 multis
361 1521 577 1614 regionibus.
628 1517 683 1591 Ex
709 1509 959 1616 Westplsalia
982 1509 1079 1606 pulsi
1125 1503 1301 1576 adiuvabo
1323 1500 1470 1584 Studia,
1494 1513 1529 1570 et
1551 1491 1648 1568 hunc
1668 1498 1865 1570 consessum
1885 1498 2034 1582 foveam
2059 1497 2123 1568 sed

89 1644 162 1702 sunt
186 1626 241 1720 pii
266 1625 552 1706 concionatores,
587 1636 622 1693 et
647 1618 787 1693 scholae
815 1621 1078 1712 gubernatores,
1120 1607 1156 1676 si
1171 1603 1386 1678 mutationes
1399 1602 1533 1672 suerint
1549 1601 1750 1718 pastoribus
1771 1599 1971 1718 praecipuis
1986 1620 2124 1718 graves,
2175 1625 2177 1633 ·

89 1749 120 1804 et
140 1729 377 1802 restituuntur
398 1727 450 1796 ibi
474 1748 620 1818 prorsus
636 1739 773 1796 veteres
797 1723 946 1805 abusus,
972 1717 1077 1788 etiam
1125 1732 1201 1778 non
1216 1729 1276 1780 ero
1290 1705 1450 1823 odiatur,
1475 1717 1510 1774 et
1523 1703 1580 1772 vet
1594 1703 1718 1788 exilia,
1743 1703 1801 1772 vel
1816 1701 1989 1820 supplicia
2005 1713 2124 1820 potrus

88 1847 202 1906 contm
219 1831 353 1902 librum
362 1825 637 1924 Augustarum,
661 1841 697 1898 ct
710 1827 827 1919 palam
839 1819 908 1894 hoc
921 1820 975 1892 ibi
989 1818 1078 1890 dici-
1124 1809 1320 1882 sustinebo.
1368 1806 1450 1924 Sero
1467 1829 1537 1890 me,
1562 1827 1642 1876 cum
1660 1805 2012 1894 praeserurutuerrm
2030 1827 2069 1872 ru
2084 1824 2126 1872 ea

86 1949 156 2020 tur,
179 1933 318 2004 librum
334 1932 445 2020 ¹illlam
467 1955 543 2000 non
564 1929 739 2023 peru'ncre
762 1927 834 1998 nisi
855 1925 901 1996 ad
923 1945 1008 2006 nos,
1037 1933 1079 1990 ut
1125 1926 1244 2005 parler
1269 1921 1467 2006 (1111111111
1483 1920 1554 1997 111,
1581 1929 1657 1976 111111
1679 1905 1806 1976 debete
1826 1927 2008 1998 1111110111
2031 1903 2126 1994 leges

86 2037 223 2108 initium
239 2035 286 2106 sit
300 2033 510 2104 restituendi
523 2046 677 2102 veterem
694 2029 834 2103 statum.
875 2023 966 2100 sea
979 2021 1079 2096 Deus
1121 2013 1322 2086 uictoribus
1337 2011 1650 2096 terrendorum
1664 2031 1738 2078 non
1754 2021 1939 2100 propterea
1954 2019 1996 2076 ut
2009 2019 2126 2078 trans-

86 2153 245 2212 aeternus
260 2135 365 2208 Pater
378 2131 526 2206 Domini
543 2133 657 2206 nostri
674 2131 754 2204 lesu
767 2125 903 2204 Christi
922 2123 1080 2198 crucifixi
1125 2117 1209 2206 iuga
1223 2115 1322 2186 aliud
1337 2135 1449 2203 genos
1463 2112 1645 2228 doctrinae
1658 2109 1861 2228 amplectar,
1879 2121 1915 2180 ct
1928 2132 1993 2227 oro
2007 2103 2126 2178 Deum

87 2267 145 2336 pro
166 2239 298 2324 nobis,
323 2250 358 2307 et
373 2235 588 2322 resuscitati,
613 2237 676 2329 qui
701 2231 863 2305 condidit
883 2253 993 2320 genus
1009 2223 1079 2297 hu·
1125 2232 1169 2290 ut
1184 2241 1242 2288 me
1256 2229 1364 2306 regat.
1406 2211 1565 2333 ‘riulione
1581 2215 1717 2282 trenna
1738 2223 1772 2282 11
1788 2211 2040 2330 occultationes
2062 2231 2127 2280 an-

86 2365 248 2426 manum,
271 2353 307 2412 et
323 2339 408 2409 inde
430 2338 566 2428 colligit
585 2338 656 2410 sibi
677 2350 857 2408 aeternam
869 2329 1081 2424 Ecclesiam,
1121 2334 1212 2411 gent
1227 2314 1317 2388 mihi
1336 2316 1612 2402 sollicitudinem
1636 2327 1670 2385 et
1691 2314 1870 2432 dolorem,
1896 2335 1926 2382 n
1941 2307 2008 2384 ltoc
2024 2333 2129 2404 prae-

87 2461 117 2518 et
130 2469 191 2516 sua
204 2443 378 2512 immensa
394 2439 637 2510 misericordia
654 2439 751 2509 misit
766 2435 920 2520 Filium,
944 2447 979 2505 et
998 2455 1081 2523 pro·
1129 2423 1232 2514 cipue
1248 2431 1425 2514 spectant,
1449 2440 1495 2486 ne
1514 2415 1717 2534 imperator·
1733 2429 1913 2532 irritetur,
1937 2411 2054 2532 Credo
2074 2413 2129 2484 la-

88 2547 271 2618 missiouea
292 2543 423 2628 edidit,
447 2565 522 2610 non
545 2542 638 2613 sinet
653 2539 812 2631 extingui
827 2539 943 2608 lucem
959 2531 1083 2606 Evan-
1129 2524 1198 2595 cilc
1219 2521 1270 2594 eis
1290 2543 1363 2590 csse
1385 2519 1669 2590 benevolentiam
1687 2540 1763 2588 esus
1785 2529 1958 2600 retinere,
1980 2539 2011 2586 sr
2032 2537 2130 2586 nunc

90 2649 167 2740 getii
182 2645 248 2718 sui.
301 2643 399 2714 Bene
420 2658 454 2715 et
468 2643 619 2716 feliciter
635 2643 752 2718 valeat
764 2639 948 2715 Celsitudo
962 2635 1083 2710 Vetra.
1131 2628 1220 2697 ‘iuti
1243 2646 1299 2694 111
1314 2635 1376 2692 1111
1392 2635 1464 2691 ires
1488 2619 1736 2735 1111111111111,
1759 2630 1800 2688 ut
1821 2618 1930 2689 ritum
1946 2617 2082 2688 utilem
2096 2628 2131 2686 et

94 2749 226 2824 utras.
241 2743 395 2820 Octobr.
415 2743 524 2822 1548.
1131 2740 1291 2800 sanctum
1306 2715 1635 2816 Confirmatmnss,
1658 2743 1697 2788 sn
1714 2744 1785 2816 quo
1807 2720 1962 2790 facerent
1980 2734 2130 2789 eramen

1131 2827 1346 2911 iuventutis,
1372 2839 1408 2896 et
1427 2822 1697 2916 professionem.
1746 2818 1835 2892 item
1848 2821 1962 2910 ritum
1976 2816 2131 2895 Exco...-

1131 2927 1383 3002 municatiouis
1404 2939 1439 2998 11
1461 2924 1701 3016 poenitentiae
1725 2923 1900 3015 publicae.
1961 2919 2051 2995 Item
2073 2921 2133 2990 in·
2180 2989 2185 3000 ,

91 3081 142 3154 No
170 3077 275 3153 4394
924 3079 974 3152 ῃ
1001 3077 1077 3144 θοι
1133 3031 1303 3126 eptiasde
1317 3011 1724 3102 abstinentiaCarnium.
1750 3022 1848 3114 Quid
1863 3047 1954 3118 opus
1970 3037 2132 3096 estnunc

92 3131 296 3214 aiv-‚2
921 3123 1085 3198 uis-
1131 3135 1263 3206 addere
1283 3132 1374 3203 ritus
1388 3127 1540 3210 Missae,
1559 3151 1642 3202 cum
1665 3139 1720 3200 tot
1738 3127 1829 3198 aliae
1840 3129 1947 3199 urbes
1960 3139 2000 3198 et
2013 3138 2133 3217 gentes

492 3251 662 3341 Eidem
1129 3237 1298 3308 nondum
1314 3256 1391 3306 cara
1407 3232 1594 3316 mutarint,
1618 3231 1681 3303 aed
1697 3229 1954 3316 animadverto,
1978 3251 2055 3300 non
2073 3251 2134 3300 so-

664 3314 675 3340 ·
1133 3341 1210 3410 lum
1241 3331 1311 3406 hcc
1333 3333 1392 3425 agi
1415 3347 1456 3406 nt
1478 3331 1738 3424 ¹lrrsperatorem
1769 3327 1923 3404 habeam
1945 3331 2135 3424 placatum,

156 3427 504 3490 Mourmateanos.
523 3431 585 3488 aba.
601 3430 714 3490 AM·
730 3449 759 3507 t·
772 3431 831 3488 ¹¹⁵·
1125 3442 1198 3528 sed
1218 3437 1332 3510 multo
1345 3435 1475 3528 magis,
1499 3447 1541 3510 ut
1556 3434 1733 3524 privatam
1748 3431 1897 3504 Missam
1914 3453 2061 3526 prorsus
2074 3453 2135 3502 re-

1135 3543 1295 3616 stituant.
1347 3536 1456 3628 Quod
1481 3535 1512 3606 si
1538 3534 1786 3620 columbari,
1818 3549 1979 3628 optarem
2006 3533 2045 3606 id
2072 3554 2134 3606 eos

1135 3657 1253 3736 aperte
1266 3641 1396 3714 dicere.
1440 3637 1534 3708 Nam
1546 3636 1619 3708 scio
1637 3659 1693 3706 me
1708 3636 1795 3727 ipsis
1806 3661 1881 3708 non
1897 3637 2026 3708 debere
2039 3635 2133 3727 leges

91 3725 405 3808 Revmnditiime
428 3749 463 3808 11
481 3733 723 3808 illustrissime
737 3735 918 3831 Princept·
966 3733 1015 3807 El
1035 3732 1089 3806 fui
1135 3748 1244 3830 icrre;
1270 3741 1500 3814 Discederent
1520 3737 1645 3830 igitur,
1669 3737 1800 3832 quibus
1815 3739 1877 3808 illa
1893 3735 2132 3810 Ecclesiarum

91 3859 219 3928 magno
233 3837 276 3908 in
291 3839 416 3908 dolore
430 3837 615 3910 discedens
629 3839 759 3932 Terga,
779 3839 996 3934 quiaridee,
1015 3861 1087 3932 quo
1134 3845 1284 3917 mutatio
1305 3842 1520 3936 displiceret.
1577 3837 1723 3930 Quaeso
1745 3851 1786 3911 ut
1806 3837 1848 3915 C.
1870 3837 1916 3914 V.
1939 3840 2067 3930 cogitet
2088 3840 2133 3912 tle

90 3954 249 4032 spectent
261 3938 362 4010 aulae
378 3939 536 4029 consilia,
561 3953 597 4013 et
613 3953 732 4012 metuo
748 3955 950 4014 nostrarum
963 3937 1089 4012 Eccle-
1135 3949 1253 4024 uibus
1274 3945 1347 4018 illia
1364 3945 1488 4030 rebus,
1513 3965 1665 4036 quarum
1684 3941 1752 4012 ieci
1773 3941 2004 4017 mentionem.
2053 3937 2132 4032 Ego
2184 3966 2192 3978 ⁶

89 4041 223 4114 siarum
237 4039 524 4136 dissipationem,
549 4055 584 4116 et
598 4055 773 4116 auxerunt
786 4038 881 4130 mihi
896 4044 967 4116 iarn
984 4042 1089 4114 dolo·
1133 4050 1274 4123 mistam
1288 4070 1404 4118 meam
1417 4041 1710 4116 deliberationem
1725 4039 1767 4118 C.
1785 4041 1831 4118 V.

89 4165 167 4212 rem
191 4144 314 4220 literae
333 4141 406 4216 Dn.
432 4139 549 4234 Iulii3
583 4145 648 4242 qui
670 4145 860 4238 significat,
892 4169 929 4217 se
952 4145 1088 4214 misisse
1510 4219 1517 4232 ,
1727 4227 1730 4234 ,

88 4245 197 4316 nobis
210 4267 311 4318 suam
325 4247 557 4336 sententiam,
575 4249 622 4319 'ut
637 4250 787 4342 pedibus
806 4248 846 4318 in
863 4271 941 4318 eam
956 4246 1088 4317 iremus
1235 4249 1414 4324 Historica
1442 4243 1530 4320 haec
1553 4239 1686 4323 habeo:
1723 4239 1903 4322 Vcsols'ae
1925 4241 2134 4340 simpliciter

87 4345 169 4416 11111
182 4347 434 4440 dispulsiione·
483 4347 635 4422 Menon
652 4349 1089 4424 delectantsonltntionet
1136 4355 1336 4428 restituitur
1360 4353 1472 4422 torma
1501 4347 1684 4425 doetrinae
1712 4357 1747 4420 et
1771 4349 1907 4420 rituum
1932 4345 2067 4440 Papae,
2097 4359 2135 4418 et

86 4447 133 4518 de
156 4451 359 4538 oblatione,
384 4451 446 4522 sed
466 4464 587 4524 1111111
609 4451 803 4524 videndum
822 4467 891 4539 est,
916 4451 1003 4548 quid
1026 4475 1089 4544 pa·
1136 4443 2149 4552 111ῑ11111ἰ1111111111111111)111111111811111111111111811111·Ι

86 4561 205 4622 stores
223 4549 426 4646 ‘praecipui
462 4553 639 4648 recepturi
674 4569 740 4629 aut
778 4553 965 4648 probaturi
1005 4553 1089 4628 sint.
1137 4562 1273 4646 larum,
1297 4579 1388 4652 qsrae
1410 4553 1609 4626 doctrinam
1625 4577 1753 4645 puram
1772 4549 1982 4643 Evangelii,
2004 4571 2134 4642 propa·

83 4647 205 4746 Saepe
227 4654 341 4726 metui
359 4649 456 4726 huuc
477 4657 662 4749 scopulum
684 4659 729 4728 de
748 4657 938 4743 sacrificio,
963 4667 1006 4728 ut
1028 4679 1089 4726 co-
1137 4673 1278 4754 garnnt.
1327 4656 1491 4752 Cumque
1513 4651 1648 4728 Civitas
1671 4669 1822 4750 peteret,
1846 4667 1887 4724 ut
1910 4667 2028 4724 tamen
2046 4649 2133 4743 ipsis

83 4773 170 4824 ram
185 4753 225 4832 C.
242 4753 287 4834 V.
302 4753 389 4834 dixi.
424 4753 629 4853 -Postquam
647 4759 743 4830 enim
764 4770 948 4830 removent
968 4739 1100 4828 mani-¹
1136 4763 1408 4846 concederetur,
1430 4771 1472 4830 nt
1483 4769 1715 4852 sequerentur
1729 4755 1881 4827 sormam
1904 4753 1990 4824 libri
2006 4751 2133 4846 Augu-

80 4851 219 4928 iestnrn
232 4879 390 4930 errorem
402 4859 597 4931 adversarii
608 4863 653 4932 de
665 4859 845 4934 Sacrificio
857 4884 923 4954 pro
937 4872 1091 4954 peccato.
1138 4863 1252 4950 stani,
1276 4885 1486 4956 responsum
1503 4873 1577 4946 est,
1602 4883 1684 4932 eum
1705 4859 1839 4928 librum
1859 4879 1935 4928 non
1955 4856 2133 4949 pertinere

81 4971 260 5052 sequetur
277 4961 471 5032 admodum
486 4961 636 5034 obscura
657 4963 871 5058 disputatio;
892 4959 952 5034 bn
970 4975 1090 5034 tamen
1135 4969 1182 5042 ad
1210 4965 1388 5056 regiones,
1422 4963 1462 5034 in
1487 4963 1619 5056 quibus
1644 4983 1720 5032 non
1750 4956 1887 5052 ubique
1919 4971 2060 5051 recepta
2085 4957 2133 5030 sit

77 5061 287 5132 necessaria
301 5063 349 5134 sit
362 5060 522 5136 oblatio?
571 5061 669 5136 Haec
687 5066 807 5140 noluit
818 5065 991 5159 explicare
1004 5057 1089 5134 Lu·
1136 5067 1298 5142 doctrina
1322 5059 1486 5140 Lutheri.
1536 5045 1632 5136 llaec
1656 5073 1749 5134 certa
1776 5073 1871 5136 sunt.
1920 5057 1995 5134 Cur
2021 5061 2132 5154 igitur

82 5153 238 5250 tlscrus,
263 5177 298 5236 et
318 5165 465 5261 reliquit
484 5165 681 5258 posteritati
704 5191 780 5238 non
801 5169 878 5240 leve
901 5180 1088 5239 cenoman.
1136 5171 1298 5242 iactitant
1313 5169 1445 5264 aliqui,
1470 5165 1602 5238 librom
1619 5163 1867 5254 Augustanum
1889 5161 2034 5233 initium
2058 5183 2133 5234 ease

80 5255 395 5370 Respondenduu'r
418 5281 537 5342 umen
559 5265 631 5344 Du.
654 5263 760 5340 Iulio
779 5267 1022 5356 1111111111,
1053 5281 1088 5342 et
1133 5271 1356 5368 propagandi
1385 5267 1573 5358 Evangelii
1603 5267 1699 5360 apud
1732 5263 1819 5336 alias
1850 5265 1993 5354 gentes?
2040 5261 2132 5336 Cor-

84 5367 170 5458 eepi
200 5367 354 5438 scribere
385 5370 431 5440 de
460 5371 632 5442 sacrificio
658 5393 765 5468 quam
797 5371 1088 5460 moderatissime,
1134 5376 1272 5468 ruptela
1288 5373 1406 5468 potius
1422 5383 1475 5442 est
1489 5368 1633 5440 obtrusa
1647 5368 1765 5444 nobis.
1815 5363 1913 5439 Bene
1927 5391 1966 5438 ac
1979 5365 2131 5440 feliciter

82 5456 170 5556 ipsa
182 5463 399 5560 horridiora,
414 5495 505 5570 quae
518 5475 646 5548 metuit
659 5471 753 5552 C.V.
767 5473 874 5546 etiarn
887 5475 964 5570 ipse
979 5473 1087 5546 ornit-
1133 5473 1304 5556 1111110.
1320 5473 1366 5556 V.
1415 5469 1483 5546 Die
1497 5469 1560 5548 24.
1576 5463 1755 5550 Octobris.

226 3583 476 3700 xGeorgio,
504 3583 678 3690 Principi
701 3582 926 3668 Antalttna.
