4624 6216
5 1885 6 1890 ¹
12 1888 19 1900 ι

6 1965 18 1983 ’ἱ

102 249 171 362 m
478 317 489 328 -
677 281 1109 362 ιιιιειοιιιιιιιι
1163 281 1377 364 ιιΒ.ιιι.
1431 284 1560 362 assa.
2063 281 2138 358 oea

149 449 210 524 Sic
225 451 333 524 modo
349 472 430 524 cum
445 442 571 543 poenis
585 465 758 543 urgentur
771 473 879 544 regne
895 451 1045 544 superbe
1247 449 1321 520 lam
1335 445 1425 542 lmp.
1440 449 1543 522 valde
1564 463 1598 520 te
1613 471 1691 520 oro.
1742 445 1874 522 Scribit
1892 449 1989 520 euim
2010 448 2140 518 reterre

202 552 303 626 quta
318 549 410 646 Aras
423 565 543 624 coetus
556 567 698 646 protege
714 547 853 649 Χριστὲ
869 566 960 624 tuos.
1248 551 1401 622 multum
1416 553 1600 646 utriusque
1615 565 1655 622 ut
1670 551 1712 622 ad
1728 575 1808 622 eum
1825 552 2030 642 perferatur.

151 651 252 726 quta
267 655 348 726 illas
363 653 469 726 etiarn
484 657 629 748 supplex
643 651 894 750 Hieronymus
909 665 1009 736 astat,

202 755 318 850 ipsius
332 769 462 830 castam
478 780 606 849 quaeso
625 771 724 828 tuere
738 760 895 828 domum.

788 851 1046 948 †Plrilippus.''
1150 846 1341 926 Nason.
1712 858 1767 922 16.
1787 849 1876 914 liert.
1903 849 2142 933 (Anuebergea.)

1150 945 1320 976 *Ν
1345 949 1348 956 ’
1707 945 2143 988 s-‘N

112 1117 181 1193 No.
198 1113 311 1192 5071.
765 1061 824 1194 ἠ
838 1121 928 1188 ΜΝ,
951 1119 1089 1204 (Egm)
1470 1055 1537 1142 10.
1565 1054 1829 1141 tttatrteeto.

107 1215 319 1252 Μ
744 1215 1098 1258 w
1220 1223 1307 1296 epra.
1323 1221 1371 1278 us.
1385 1219 1421 1276 ιι.
1436 1219 1517 1292 aro.
1536 1217 1590 1288 aa
1606 1213 1693 1271 una.
1707 1211 1755 1268 ιιι.
1769 1213 1803 1268 ιι.
1820 1213 1944 1284 sassa.

355 1284 413 1373 H.
433 1281 823 1399 me‘qmmw’
1355 1352 1409 1428 D.
1434 1345 1650 1426 Iohanni
1672 1341 1939 1420 Matthesio

171 1433 256 1506 Epist.
275 1431 321 1487 lib.
333 1431 379 1487 Vl.
393 1451 421 1506 p.
438 1431 489 1486 189
499 1449 541 1503 sq.
559 1464 594 1476 -
628 1431 678 1486 llic
691 1451 721 1486 es
734 1433 902 1506 autographo
915 1435 943 1490 in
957 1435 1018 1489 cod.
1030 1433 1097 1487 Mo·
1758 1483 1768 1502 ⁰
1807 1482 1816 1502 ·

205 1503 295 1558 neol-
314 1503 455 1571 pns-
476 1499 1097 1583 Autogrepbonellletantbonecouscriptum,
1151 1479 1199 1567 s.
1224 1491 1268 1567 D.
1319 1487 1604 1563 Reverendevit
1620 1497 1655 1556 ei
1671 1480 2006 1568 ehdrtwlmefl'ttlel',
2030 1481 2145 1578 Equi-

205 1572 233 1693 t
252 1569 616 1708 ιιιιιιιιιιιιι
629 1569 1097 1710 stataet.terranem
1151 1589 1640 1708 revomentem,
1667 1584 2145 1704 ........1......1......

1152 1697 1232 1768 stris
1260 1709 1296 1767 et
1319 1694 1420 1764 vobis
1450 1690 1618 1762 omnebus
1645 1711 1710 1779 pro
1740 1709 1867 1756 exrema
1898 1686 2143 1758 benevdentm

269 1759 555 1855 Hl'm'ltm
579 1755 619 1832 B
628 1787 727 1858 ‘’mb'
735 1787 787 1834 ⁰7
793 1773 893 1832 ’ΜΓ
900 1789 922 1834 ⁰
1152 1813 1265 1870 vestra
1291 1819 1371 1886 erga
1393 1815 1478 1872 nos,
1503 1806 1538 1862 et
1561 1815 1627 1882 pro
1653 1787 1776 1858 multis
1797 1787 1974 1856 beneficiis
1996 1788 2144 1876 gratiam

104 1881 155 1970 S·
182 1895 229 1966 D.
279 1892 422 1968 Clariss.
435 1895 492 1966 vir
508 1908 541 1964 ct
554 1895 665 1964 amice
682 1899 799 1970 cariss.
845 1895 912 1967 Dei
929 1897 1097 1970 beneficio
1152 1897 1334 1971 habemus.
1384 1893 1432 1966 Et
1446 1891 1523 1962 Deo
1544 1891 1689 1960 iuvante
1709 1887 1960 1978 gratitudinem
1976 1903 2145 1979 perpetuo

104 1998 268 2066 venimus
291 1997 485 2066 incolumes
505 1999 547 2066 ad
573 1997 762 2086 oppidum,
795 2003 889 2090 qnod
912 2025 930 2069 a
952 2001 1099 2070 llunrine
1152 2000 1424 2094 praestabimus,
1456 2019 1496 2065 ac
1517 1991 1650 2064 Filium
1673 1989 1741 2060 Dei
1764 1987 1960 2058 Dominum
1981 2003 2144 2060 nostrum

1163 737 1288 746 -ι-ι,
1297 739 1532 748 ——-—.··--—-
1549 732 2100 748 ----u-u-··-—-n---——---—a--··o*-
2110 733 2116 740 .
2131 733 2139 740 .

6 2171 13 2184 ,
104 2096 218 2192 Egra
247 2121 377 2168 nomen
403 2093 527 2182 habet,
559 2101 654 2190 quod
678 2101 786 2168 veteri
812 2098 950 2170 Heneta
979 2103 1098 2192 lingna
1155 2103 1269 2174 lesum
1282 2095 1465 2170 Christum
1483 2093 1685 2165 crucifixum
1708 2115 1773 2184 pro
1789 2089 1895 2160 nobis
1911 2101 1946 2160 et
1960 2091 2145 2160 resuscita-

105 2199 238 2272 animal
260 2191 469 2283 Castorem,
506 2201 600 2290 quud
628 2197 747 2268 Plinio
772 2215 805 2268 et
832 2200 1022 2270 Germanis
1048 2217 1098 2272 est
1152 2215 1394 2285 temeramus,
1420 2212 1460 2268 ιιι
1475 2191 1649 2267 Ecclesias
1664 2189 1789 2262 harum
1806 2191 2005 2280 regionum,
2030 2204 2063 2261 et
2080 2215 2144 2260 nos

1 2307 17 2387 ζ,
105 2297 229 2384 Pisa,
251 2300 580 2390 significaredidici.
620 2297 659 2368 ln
677 2297 943 2372 itinerehurmn
961 2306 1097 2394 dierum
1153 2306 1191 2373 in
1214 2304 1299 2396 ipsis
1324 2303 1516 2372 clementer
1543 2307 1701 2390 protegat
1726 2317 1765 2364 ac
1789 2305 1920 2376 servet,
1946 2303 1980 2360 et
2003 2293 2146 2383 copulet

1 2405 13 2496 J
107 2406 167 2472 vix
191 2402 317 2492 viginti
342 2395 503 2469 homines
533 2415 627 2468 extra
650 2403 814 2474 vidinms.
875 2402 1027 2474 Accessit
1054 2410 1097 2474 ad
1152 2407 1288 2476 animos
1305 2403 1525 2483 docentium,
1551 2413 1589 2468 ut
1605 2421 1719 2466 unum
1741 2395 1850 2463 simus
1865 2393 1904 2462 in
1922 2391 2013 2484 ipso.
2064 2392 2146 2464 Uti-

2 2510 7 2522 '
105 2503 397 2596 tranquillitatem
423 2497 490 2571 hoc
514 2527 672 2594 quoque,
705 2506 800 2596 quorl
819 2505 855 2572 in
883 2503 936 2574 bis
960 2507 1049 2596 iugis
1066 2521 1097 2576 et
1154 2533 1234 2576 nam
1259 2529 1331 2575 non
1348 2505 1534 2574 distractae
1556 2511 1669 2568 essent
1691 2496 1891 2566 voluntates
1910 2493 1992 2573 ταῖς
2013 2491 2144 2586 βλακι-

1 2741 15 2786 3

106 2607 254 2676 saltibus
270 2604 421 2672 debello
440 2603 614 2672 Saronico
631 2605 748 2673 uultus
767 2629 946 2676 sermones
961 2609 1100 2678 arulivi-
1151 2611 1235 2690 καῒς
1248 2603 1452 2701 διαβολαῖς,
1479 2625 1569 2696 quoe
1585 2599 1707 2693 quales
1722 2609 1839 2666 motus
1855 2595 2050 2678 excitarint,
2074 2595 2145 2664 iam

106 2731 198 2780 mus.
239 2703 395 2776 Tantum
412 2699 518 2772 hodie
532 2705 574 2772 ad
591 2702 771 2774 Castorem
789 2709 991 2778 audicimus
1008 2735 1098 2778 neu·
1152 2735 1209 2780 res
1225 2709 1386 2782 offendit.
1436 2707 1506 2776 Sed
1523 2723 1664 2773 oremus
1681 2698 1814 2768 Filium
1830 2693 1909 2780 Dei,
1931 2695 1992 2788 qni
2008 2691 2145 2764 Somo-

106 2811 194 2879 dum
211 2829 282 2874 esse
299 2807 404 2874 linem
420 2799 599 2898 Torgiocr'
613 2821 816 2880 conventus.
868 2805 942 2898 Ego
964 2807 1099 2880 mohac
1155 2809 1272 2880 ritonr'
1287 2826 1370 2905 typo
1392 2831 1489 2878 suam
1507 2801 1777 2873 medicationem
1794 2797 1931 2890 pingit,
1955 2811 1994 2868 ut
2015 2797 2146 2866 nostris

106 2933 180 2980 una
195 2908 434 2978 consolatione
450 2921 625 2990 sustento,
654 2911 749 2998 quod
775 2911 847 2977 seio
868 2911 940 2980 filiu
957 2909 1022 2982 Dei
1039 2939 1099 2980 ru·
1153 2915 1361 2983 vulneribus
1378 2909 1544 2978 omnibns
1562 2905 1753 2973 medeatur.
1803 2895 2001 2968 Electorem
2021 2892 2147 2968 Soxo-

108 3035 169 3081 rae
183 3033 256 3078 esse
270 3033 367 3078 suam
381 3005 576 3076 Ecclesiam
596 3009 633 3076 iu
653 3005 708 3076 bis
731 3011 933 3100 regionibus
949 3029 982 3084 et
1004 3015 1101 3098 alibi,
1154 3014 1274 3084 nicom
1295 3013 1460 3084 audimus
1488 3008 1683 3100 protectum
1708 3023 1782 3072 esse
1806 3001 1851 3068 erl
1875 2989 2018 3072 Cattos.
2076 2995 2168 3068 Sed·

22 3129 28 3159 ³
105 3129 142 3182 et
174 3110 332 3180 exaudiri
366 3123 504 3178 nostros
537 3111 686 3198 gemitus
719 3135 792 3180 nou
826 3113 962 3188 dubita.
1015 3115 1101 3184 Heri
1154 3116 1303 3188 certiora
1324 3113 1475 3184 scribam
1499 3131 1578 3180 cunr
1603 3109 1749 3178 domum
1777 3099 1927 3172 rediero.
1988 3097 2031 3168 ln
2055 3121 2147 3192 equo

2 3215 33 3254 θ’

25 3489 46 3590 ,²¹
105 3517 328 3588 dubitabam.
382 3512 483 3583 lubet
520 3530 553 3584 et
582 3529 699 3606 petere
729 3517 900 3585 auxilium
926 3545 945 3588 a
969 3519 1045 3591 Deo
1069 3535 1104 3589 et
1155 3525 1272 3593 deesse
1297 3519 1385 3590 meis
1406 3515 1566 3586 versibus
1593 3509 1834 3600 splendorem:
1865 3517 1983 3574 tamen
2006 3495 2074 3572 hoc
2096 3501 2149 3570 la-

105 3214 212 3282 ‘liam
232 3209 573 3300 ¹²8⁰¹¹³3¹¹Sis²¹⁰id⁰
589 3207 653 3280 ¹¹0⁰
668 3211 819 3294 ditium.
850 3210 902 3306 μὴ
924 3213 1102 3314 ὀλιγοψυ-
1155 3221 1279 3287 sedens
1310 3213 1433 3284 addidi
1461 3209 1609 3280 carmini
1640 3218 1760 3274 nostro
1792 3223 1913 3271 versus
1943 3201 2078 3294 aliquot
2103 3201 2147 3269 de

101 3309 277 3410 χήσῃςὲν
297 3315 504 3403 προσευχῇ,
531 3313 688 3404 acrprievi
714 3310 891 3388 nonnihil.
943 3313 986 3387 Et
1012 3315 1102 3386 banc
1157 3313 1341 3414 Philippis
1359 3329 1393 3386 et
1408 3317 1452 3384 de
1467 3309 1638 3406 Sarepta.
1689 3303 1796 3374 Mitto
1814 3303 1924 3391 igitur
1937 3301 2148 3392 exemplum,

107 3441 231 3486 V0⁶e¹¹¹
246 3413 427 3504 ³¹¹⁸crip⁵b
455 3415 537 3506 quia
552 3414 615 3482 tibi
633 3437 774 3508 quoque
787 3431 921 3506 gratam
939 3419 1014 3488 iore
1029 3443 1101 3488 non
1157 3421 1311 3492 fortassis
1341 3441 1420 3488 cum
1455 3417 1600 3482 domum
1636 3405 1776 3477 rediero
1801 3405 1914 3474 edam.
1964 3399 2044 3471 Etsi
2073 3400 2146 3470 scio

106 3629 312 3688 constanter
324 3629 504 3705 expectare
517 3630 550 3685 et
567 3641 641 3685 uon
657 3617 772 3706 frangi
789 3618 928 3688 animis.
1158 3631 1241 3694 bore
1260 3619 1398 3690 excutio
1419 3617 1505 3688 alias
1526 3613 1690 3684 molestas
1711 3605 1952 3696 cogitationes.
2003 3599 2052 3674 Ει
2069 3601 2147 3692 plus

185 3717 345 3790 Scribam
363 3718 407 3784 ad
425 3733 458 3786 te
476 3741 566 3800 mox,
591 3732 775 3810 postquam
791 3723 936 3788 domurn
953 3722 1103 3792 rediero·
1156 3727 1295 3795 discunt
1311 3721 1472 3792 leniores
1489 3739 1529 3784 ex
1543 3709 1599 3782 his
1621 3708 1808 3800 exemplis,
1833 3727 1939 3800 quam
1955 3727 1995 3772 ex
2017 3701 2147 3797 βλακι-

104 3821 214 3892 Nunc
229 3820 432 3888 accedemus
449 3819 491 3886 ad
512 3813 644 3886 rollem
662 3809 930 3888 Inachimicom
945 3819 1021 3890 Deo
1048 3823 1102 3892 iu-
1155 3827 1233 3906 κοῖς
1254 3821 1426 3914 scriptis„
1461 3815 1637 3886 Tabulam
1657 3799 1952 3906 χωρογραφικὴν
1975 3804 2040 3874 tibi
2065 3803 2147 3874 mit-

17 3963 47 4002 ¹;..
105 3935 228 3996 vante.
286 3913 406 4012 Eques
432 3935 537 3989 vester
557 3917 631 4010 {ierit
655 3923 833 3990 modestus
858 3937 891 3991 et
911 3923 1100 3994 officiosus:
1158 3947 1237 3998 ram.
1274 3923 1387 3992 Valde
1404 3933 1437 3988 te
1452 3943 1529 4000 oro,
1555 3928 1595 3984 ιιι
1609 3937 1710 4004 saepe
1728 3913 1769 3980 ad
1789 3931 1852 3978 nos
1869 3906 2013 3977 scribas.
2049 3901 2146 3974 Bene

12 4075 47 4111 .„.
104 4021 283 4092 Dedimus
305 4019 469 4090 viaticum
494 4019 657 4090 redeunti
682 4021 840 4114 quinque
862 4019 1102 4097 luachiruicos.
1158 4027 1243 4098 vale.
1293 4021 1361 4094 Die
1386 4019 1443 4094 16.
1467 4017 1588 4088 Martii
1612 4017 1650 4084 in
1670 4013 1803 4104 oppido
1827 4003 2146 4078 Annoemontontt.

30 4293 33 4304 ,
105 4250 174 4318 pro
198 4224 364 4294 omnibus
385 4221 583 4306 beneficiis,
613 4237 645 4292 et
666 4221 798 4294 Filium
822 4223 885 4294 llei
942 4228 1101 4296 ominum

9 4315 39 4366 ²²²
104 4339 272 4396 nostrum
291 4321 404 4392 lesum
421 4317 603 4394 Christum
618 4347 771 4408 oramus,
793 4337 834 4395 ut
850 4352 912 4396 vos
928 4353 1051 4398 omnes
1069 4343 1101 4398 et

7 4521 41 4570 ³²
101 4529 240 4602 Datum
257 4525 293 4594 in
307 4525 439 4614 oppido
457 4519 571 4612 Egra,
596 4527 655 4594 die
670 4523 847 4615 Gregorii.
877 4525 983 4600 1552.

8 4741 25 4783 l.

7 4933 41 4991 erl

8 5493 44 5540 ἰθ

106 4125 258 4212 Agimus
279 4134 396 4192 autem
417 4119 646 4212 Amplissirno
669 4121 817 4192 Senatui
837 4139 952 4294 vesquo
974 4127 1102 4214 gratias
1156 4127 1313 4199 Salutem
1330 4137 1492 4216 optamus
1506 4143 1570 4210 ego
1586 4131 1620 4186 ct
1637 4115 1789 4200 collegae
1806 4107 1905 4178 vobis
1921 4105 2099 4174 omuibus.

1157 4301 1581 4326 Μ...-

105 4427 236 4500 urbem
271 4437 420 4492 vestram
454 4437 487 4492 et
515 4419 705 4494 Ecclesiam
735 4441 891 4516 protegat
919 4441 951 4496 et
978 4443 1101 4503 servet.
1156 4415 1349 4544 Q·
1799 4401 1960 4472 ¹⁹·M⁸¹'²·
1981 4397 2147 4484 (Lil'ffl)

212 4625 368 4698 Salutem
389 4625 489 4696 vobis
506 4627 673 4696 omnibus
689 4641 851 4719 optamus
866 4652 930 4698 nos
945 4655 1066 4699 omnes
1410 4595 1468 4680 H·
1498 4590 1880 4706 Boumyortnero·

569 4721 756 4819 Philipl’m
778 4725 1002 4816 Mdffihm'r
1224 4773 1306 4846 Epist.
1324 4770 1373 4824 lib.
1392 4761 1438 4818 Vl.
1462 4781 1489 4834 p.
1511 4760 1561 4816 186
1576 4775 1618 4830 eq.
1639 4781 1675 4796 -
1716 4747 1813 4804 ilices
1831 4753 1936 4814 autogr.
1953 4745 1982 4796 tn
1999 4739 2062 4798 cod.
2080 4741 2148 4796 Mo·

570 4823 737 4898 Erasmus
753 4827 943 4916 Surcerius,
1259 4857 1320 4895 nse.
1332 4837 1369 4902 1.,
1386 4835 1465 4888 cuius
1483 4841 1558 4901 tergo
1575 4822 1710 4894 tenrtprtt
1729 4819 1974 4886 baumgartneruss
1987 4809 2056 4882 „22
2071 4809 2146 4864 Mre-

572 4925 651 4996 val.
670 4927 814 4998 Parcus.
1256 4909 1287 4962 ’ἢ
1307 4905 1400 4962 “w

162 5031 294 5106 inclusi
310 5025 491 5122 epistolam
510 5021 650 5096 Sabini
663 5031 827 5120 scriptam
850 5035 892 5098 ad
921 5023 1099 5102 Foelt‘cern
1169 5047 1453 5138 Hieronymo
1475 5031 1842 5126 Bomgartnaw,
1875 5013 2048 5088 Senatort'
2070 5013 2130 5084 t'n·

210 5125 254 5202 F
251 5125 426 5210 r'dtemm,
453 5129 513 5220 qui
531 5143 702 5199 natusest
723 5129 875 5198 sarneiliac
890 5129 1098 5200 Atrelmten-
1398 5138 1517 5236 ἅγιαι
1540 5131 1642 5206 urbis
1663 5119 1907 5214 Nort'bergae.

211 5227 326 5324 siff),
352 5253 457 5322 quam
476 5243 515 5298 ut
531 5231 646 5344 mittas
667 5253 729 5322 per
746 5231 963 5300 occasionem
979 5235 1022 5302 acl
1038 5259 1101 5304 au·
1155 5283 1206 5369 s·
1232 5291 1279 5368 D·
1327 5285 1552 5364 chriam
1572 5295 1607 5352 e,
1629 5277 1739 5348 ,mine
1761 5265 1904 5340 chariss,
1952 5261 2146 5354 Hancepi-

97 5369 296 5500 '‘signet-r.
317 5425 459 5480 mentum
480 5425 665 5482 arelatense.
1156 5397 1281 5472 stolam
1303 5395 1418 5466 scribo
1440 5385 1582 5479 Lipsiae
1605 5381 1663 5448 die
1690 5377 1747 5448 19.
1772 5369 1914 5447 Martii,
1939 5389 2011 5460 quo
2036 5362 2147 5452 sigui-

102 5513 295 5582 Μιιιιιιιι.
314 5505 419 5570 Orru.
448 5503 527 5566 Vos.
543 5504 616 5568 vlt.
1548 5485 1595 5556 61
