4586 6224
84 369 157 445 569
203 445 207 451 .

86 539 182 616 Viro
200 536 332 618 Rever.
355 535 559 614 eruditione
585 551 617 614 et
648 541 778 612 uirtute
799 539 1012 640 praestanti
1030 537 1085 616 D.

78 641 259 716 Ioonni
283 640 508 732 Gentem,
540 638 696 716 Pastori
720 641 909 716 Ecclesiae
930 641 1011 715 Dei
1038 642 1079 714 in

112 745 254 844 inclyto
270 743 606 842 urbeHomburgo,
632 744 752 818 omico
776 771 843 818 suo
861 744 1056 820 carissimo

76 882 125 970 S.
149 893 199 970 D.
249 893 461 968 Reverende
476 897 533 966 vir
547 909 581 966 et
594 896 707 966 amice
724 897 913 971 carissime.
966 893 1084 969 lusse-
1155 948 1164 964 .

75 1023 153 1070 ram
179 999 313 1083 filium,
346 1012 386 1069 ut
408 993 497 1067 mibi
523 999 809 1092 quamprimum
833 986 1022 1084 scriberet,
1048 1013 1083 1071 et

73 1124 172 1174 nuuc
188 1114 322 1172 vestras
347 1103 467 1176 literas
486 1115 641 1192 expecto.
693 1099 846 1191 Dialogo
867 1115 927 1173 tuo
944 1101 1082 1172 addidit

72 1197 303 1302 ὑπογραφὴν
324 1205 492 1274 dominus
518 1202 659 1289 Pest0r3
694 1199 786 1272 mihi
814 1204 984 1275 nonfuit
1011 1205 1080 1274 nisi

74 1303 152 1376 beri
181 1301 381 1390 exhibitus,
405 1329 486 1376 cum
513 1299 622 1374 bodie
649 1305 813 1375 abiturus
836 1317 925 1376 esset
948 1329 1081 1396 auriga.

73 1408 144 1480 Sed
164 1408 336 1497 optarim,
361 1421 403 1478 ut
416 1405 461 1480 D.
475 1405 602 1477 Pastor
615 1421 731 1498 optat,
758 1408 867 1479 totius
883 1402 989 1478 huius
1003 1431 1080 1478 ccr-

71 1510 219 1580 tamiuis
237 1501 275 1602 ')
300 1509 472 1580 intervos
493 1533 568 1580 esse
583 1504 806 1602 ἀμνηστίαν.
858 1505 966 1580 Plura
984 1535 1080 1582 nunc

69 1607 227 1682 'scribere
242 1635 316 1683 nou
331 1635 488 1704 possum,
513 1625 547 1681 et
563 1626 641 1683 tuas
656 1613 776 1682 literas
791 1624 948 1705 expecto.
980 1609 1078 1684 Bene

71 1727 107 1784 et
122 1713 274 1785 feliciter
288 1715 378 1790 vale.
428 1709 497 1784 Die
514 1711 711 1783 Ambrosii.

587 1811 777 1908 Philippus
799 1809 1026 1888 Melanthum

84 2149 153 2222 No.
171 2149 284 2226 4696.

79 2247 293 2286 m

404 2335 457 2426 P.
492 2335 747 2422 Vincentio.

173 2519 195 2590 †
217 2516 255 2572 Er
271 2533 366 2590 apogr.
384 2516 412 2570 in
430 2515 495 2574 eod·
514 2513 605 2574 Paris.
624 2516 662 2572 D.
679 2516 713 2572 1.
731 2515 794 2575 5⁴⁸.

949 2157 982 2226 4.
996 2159 1076 2244 Apr.

938 2251 1074 2281 m

362 2667 497 2746 Petro
526 2669 784 2750 Vincentio

67 2815 120 2904 S.
137 2827 183 2899 D.
215 2823 467 2900 Eruditissime
485 2837 520 2896 et
539 2825 717 2897 carissime
732 2825 848 2897 Petre.
882 2817 1073 2923 Staphyla

65 2931 330 3006 posnanienses
360 2928 527 2998 mandata
558 2929 604 2997 ad
632 2953 691 2998 me
723 2929 919 3008 dederunt,
946 2939 981 2997 et
1009 2949 1074 3019 per

64 3031 170 3106 hune
193 3033 242 3102 eis
265 3029 480 3121 significavi,
513 3051 632 3100 meum
656 3031 702 3100 de
727 3043 788 3102 tua
813 3031 1016 3100 eruditione
1038 3043 1072 3100 et

66 3137 203 3206 virtute
222 3133 408 3204 iudicium.
458 3127 615 3222 Expecto
638 3133 747 3222 igitur
763 3133 924 3226 quotidie
940 3132 1071 3206 literas.

63 3237 229 3330 Pagclias
268 3235 466 3306 carminum
505 3229 747 3328 Sigismundi
759 3229 820 3331 ”)
862 3235 1071 3326 accepimus,

63 3361 224 3437 quorum
241 3335 441 3429 exemplum
464 3339 744 3429 manuscriptum
769 3336 1020 3426 sigismundus
1036 3349 1072 3408 et

63 3453 173 3516 autea
194 3441 350 3512 miserat.
372 3476 377 3486 ·
408 3437 503 3506 Amo
527 3438 603 3508 eius
632 3439 834 3529 ingenium,
867 3451 903 3510 et
926 3452 1072 3532 propter

61 3545 186 3618 studia
201 3553 237 3612 et
249 3543 439 3612 candorem
455 3539 567 3609 animi
582 3541 685 3612 valde
700 3563 780 3612 eum
796 3543 919 3632 diligo.
968 3539 1068 3611 Nulli

62 3655 259 3740 apparatus
281 3643 459 3714 bellorum
491 3655 576 3712 suut
602 3644 640 3712 in
666 3637 723 3712 his
751 3645 974 3734 regionibus3
1008 3643 1068 3713 sed

63 3743 227 3844 lycaon
243 3769 317 3816 nou
332 3743 463 3814 desinit
486 3741 624 3815 irritare
640 3747 793 3815 vicinam
810 3748 935 3818 urbem
950 3743 1070 3816 Brun-

62 3851 232 3940 swigam.
282 3845 422 3936 Quaeso
439 3855 480 3915 ut
501 3849 691 3928 rescribas,
718 3861 752 3918 et
766 3848 797 3917 si
817 3848 905 3942 quid
923 3843 1070 3918 habebis

63 3947 266 4049 ἀξιόλογον
283 3945 365 4042 περὶ
388 3939 571 4047 συλλόγου
588 3945 908 4049 σογκροτηθείσης
924 3949 965 4020 ἐν
980 3945 1070 4039 ὑμε-

61 4053 157 4150 τέρᾳ
171 4047 291 4137 πόλει,
319 4049 486 4142 significa.
529 4045 732 4125 Benenate.
780 4049 849 4122 Die
864 4049 902 4126 4.
920 4047 1069 4144 Aprilis.

579 4149 768 4248 Philippus
787 4147 1015 4228 Melanthum

75 4495 147 4568 No.
164 4489 282 4568 4697.

71 4590 291 4630 “a

227 4672 428 4786 Georgio
447 4672 605 4760 Prion.
623 4673 903 4764 Audoltino.

138 4853 224 4928 Epist.
243 4851 338 4910 libii.
358 4871 384 4925 p.
398 4851 460 4910 282.
477 4851 533 4924 (ed.
550 4853 641 4912 bend.
660 4855 710 4914 lib.
723 4855 757 4913 ΙΙ.
774 4875 819 4930 ep.
830 4855 911 4929 266),

181 5005 236 5082 D.
266 5003 470 5108 Georgio
495 5003 718 5110 Principi
741 5013 782 5084 in
808 5007 956 5088 dadau

61 5147 116 5234 S.
144 5157 192 5234 D.
252 5155 494 5231 illustrissime
524 5155 713 5252 Princeps,
747 5157 824 5230 'Hic
853 5161 1071 5242 adolescens,

61 5257 301 5332 Laurentius
315 5257 474 5357 Zeiing,
498 5274 672 5334 natusest
691 5261 884 5336 inditione
902 5261 944 5336 C.
962 5261 1007 5338 V.
1030 5262 1069 5332 in

62 5397 299 5414 --...-.—..—-
356 5395 360 5402 ‘

97 5469 131 5536 1)
150 5469 291 5540 Loquitur
307 5469 342 5524 dt
360 5469 545 5541 disputatione
560 5469 595 5532 de
610 5471 746 5526 desum
764 5413 872 5524 obtin
888 5467 924 5525 etl
943 5466 1058 5528 inferes.

96 5553 147 5624 θ)
164 5549 334 5624 sigismundi
350 5551 522 5620 &bickelih
545 5563 575 5610 ut
594 5553 711 5612 ridetur.

942 4505 974 4568 6.
990 4497 1070 4583 Apr.

655 365 1099 444 EPISTOLARUM
1149 365 1373 446 cmxli.
1426 365 1561 446 1550.

2068 367 2146 442 670

1141 563 1231 634 pago
1247 533 1432 633 Heilinp,
1452 539 1517 610 ubi
1534 537 1795 610 Monasterium
1815 562 1889 610 esse
1907 554 2039 613 namet.
2076 537 2147 612 Pa-

1140 656 1257 712 rentes
1275 636 1384 712 habet
1400 638 1579 728 honestos,
1605 655 1639 712 et
1655 643 1787 712 multos
1803 642 1929 712 fratres
1944 654 1979 712 et
1993 665 2145 714 sorores.

1136 739 1184 816 Et
1201 743 1313 836 ipsius
1329 745 1562 815 adolescentis
1576 743 1747 814 modestia
1764 743 1965 816 laudatura
1983 745 2059 814 viru
2075 745 2144 816 do·

1136 845 1292 918 ctissimo
1316 843 1361 918 D.
1385 839 1593 931 Ficuleano,
1617 845 1681 940 qui
1702 869 1799 915 nunc
1821 845 1995 936 gubernat
2014 839 2141 918 Eccle-

1134 970 1223 1018 sram
1250 949 1290 1016 in
1320 949 1410 1018 urbe
1437 949 1548 1018 veteri
1570 942 1757 1032 Asconio,
1783 968 1890 1040 quam
1921 948 2041 1018 iudico
2066 969 2140 1016 csse

1134 1071 1285 1141 primam
1300 1049 1545 1121 nobilissimae
1560 1048 1717 1118 familiae
1735 1062 1869 1119 vestrae
1890 1051 2021 1122 sedem.
2071 1045 2139 1118 Pe·-

1133 1153 1178 1223 tit
1195 1167 1313 1224 nutem
1332 1151 1538 1222 adolescens
1556 1176 1599 1220 ex
1621 1149 1843 1220 Mouasterio
1863 1147 2138 1244 Eleemosynam

1016 1307 1025 1322 .
1131 1256 1176 1324 ad
1202 1254 1320 1326 studia
1341 1253 1500 1328 colenda.
1529 1251 1634 1346 *Scio
1658 1276 1748 1345 quae
1776 1275 1885 1321 onera
1905 1249 1946 1325 C.
1962 1249 2006 1326 V.
2029 1251 2136 1322 susti-

1131 1369 1223 1428 neat.
1260 1353 1309 1426 Et
1324 1357 1423 1450 quod
1438 1359 1482 1424 ad
1498 1379 1556 1424 me
1571 1355 1708 1438 attinet,
1732 1354 1890 1423 studiose
1904 1377 2011 1446 purco
2027 1349 2135 1423 Priu-

1131 1459 1288 1550 cipibus,
1313 1483 1353 1526 ac
1370 1458 1495 1527 dolore
1510 1457 1648 1528 afficior
1667 1471 1814 1547 propter
1829 1453 2009 1525 bonorum
2024 1452 2132 1524 Prin·

1130 1561 1247 1651 cipum
1275 1561 1501 1629 difficultates
1528 1559 1659 1643 varias,
1694 1581 1734 1626 ar
1761 1555 1877 1626 Deum
1904 1581 1968 1627 oro
2003 1567 2044 1626 ut
2076 1578 2134 1626 eas

1131 1663 1276 1752 mitiget.
1329 1661 1400 1732 Sed
1418 1675 1536 1732 tamen
1552 1665 1654 1752 s'pero
1672 1654 1756 1729 huic
1773 1658 1920 1751 pauperi
1945 1652 2133 1728 scholasti-

1128 1790 1169 1832 ιο
1192 1788 1213 1832 u
1238 1761 1278 1834 C.
1309 1760 1351 1835 V.
1381 1763 1517 1857 aliquid
1553 1787 1594 1831 ex
1620 1759 1831 1831 Monasterii
1861 1759 2058 1842 reditibus,
2086 1760 2133 1828 ad

1128 1865 1245 1936 studia
1260 1865 1477 1956 suppeditari
1495 1885 1606 1956 posse.
1630 1935 1632 1938 ,
1656 1858 1704 1932 Et
1721 1861 1804 1955 quia
1830 1871 2006 1932 natusest
2028 1861 2068 1930 in
2089 1883 2133 1930 eo

1128 1969 1216 2053 loco,
1241 1967 1303 2061 qui
1322 1967 1392 2036 iam
1407 1967 1551 2059 proprie
1565 1965 1760 2034 attributus
1774 1977 1826 2036 est
1842 1960 1882 2036 C.
1901 1961 1945 2036 V.
1961 1985 2051 2056 qnae
2066 1983 2131 2054 pa-

1126 2083 1228 2140 terno
1247 2069 1375 2138 aflectu
1390 2070 1551 2139 subditos
1567 2065 1828 2159 complectitur:
1847 2087 1911 2134 oro
1928 2078 2132 2134 reverenter

1126 2185 1167 2241 ut
1188 2169 1230 2241 C.
1246 2169 1289 2243 V.
1312 2171 1451 2264 aliquid
1474 2171 1505 2240 ei
1523 2169 1602 2239 dari
1620 2180 1730 2240 curet.
1783 2165 1892 2236 Mitto
1907 2163 1948 2239 C.
1967 2163 2010 2236 V.
2027 2164 2129 2258 pagis

1126 2295 1190 2342 nae
1205 2275 1249 2342 de
1262 2267 1451 2356 Paschate,
1483 2273 1586 2342 cuius
1601 2271 1790 2340 lectionem
1813 2290 1915 2360 spero
1929 2263 1970 2338 C·
1990 2261 2033 2342 V.
2048 2288 2130 2356 gra-

1126 2387 1198 2444 tam
1220 2375 1295 2444 fore
1313 2366 1362 2466 *).
1413 2373 1511 2444 Beue
1536 2385 1570 2444 et
1594 2373 1746 2443 feliciter
1765 2370 1881 2440 valent
1904 2365 1945 2442 C.
1963 2366 2009 2438 V.
2060 2365 2130 2439 Die

1126 2471 1326 2549 PosthatoS.

1134 2685 1354 2696 Μι-

1122 2829 1320 2959 Q.

1946 2829 2119 2954 Q

1332 3015 1575 3101 Friderioo
1601 3013 1727 3099 Duri
1751 3011 1922 3124 Liegn.

1191 3195 1214 3264 †
1235 3192 1273 3248 tt:
1295 3191 1465 3317 autogrspho
1489 3189 1607 3263 Philippi
1632 3191 1662 3246 iu
1681 3189 1744 3248 cod.
1768 3187 1860 3258 nest,
1878 3181 1987 3289 Vradel.
2015 3183 2077 3293 Vol.
2090 3185 2126 3242 V.

1225 3262 1390 3334 descriptis
1433 3303 1440 3319 .
1458 3259 1491 3317 V.
1509 3261 1649 3319 Seduln'o.

1121 3415 1392 3492 lliuslrissimo
1417 3413 1589 3515 Principi
1609 3427 1641 3489 et
1665 3413 1837 3502 domitto,
1869 3409 1985 3484 Dom.
2009 3405 2126 3482 Fri-

1121 3518 1293 3610 derico,
1319 3520 1425 3592 Duci
1445 3517 1606 3592 Silesioe
1625 3518 1665 3589 in
1682 3513 1859 3613 Licgnitc
1884 3523 1916 3586 ct
1938 3509 2126 3608 Brugetc,

1336 3622 1504 3696 Domino
1525 3646 1593 3692 suo
1616 3617 1909 3703 clementissimo,

1121 3765 1170 3854 S.
1194 3775 1239 3848 D.
1298 3774 1541 3848 illustrissime
1574 3788 1610 3846 et
1641 3771 1916 3846 clementissime
1948 3767 2124 3860 princeps.

1119 3879 1408 3952 Manifestissima
1425 3877 1553 3948 veritas
1569 3891 1638 3960 est,
1662 3874 1831 3944 salutaria
1845 3869 1994 3963 imperia
2011 3865 2123 3964 aDep

1120 3980 1312 4073 gubernari
1334 3995 1369 4051 et
1393 3979 1526 4064 iuvari,
1550 3979 1642 4049 sicut
1667 3975 1930 4068 scriptumest:
1962 3968 2029 4068 qui
2051 3963 2123 4038 dos

1119 4079 1277 4158 salutem
1304 4077 1464 4180 regibus,
1514 4077 1562 4152 Et
1584 4079 1662 4151 vult
1682 4103 1722 4148 ea
1746 4073 1843 4149 Deus
1870 4070 2024 4165 hospitia
2047 4091 2122 4140 esse

1120 4185 1298 4260 Ecclesiae
1323 4207 1422 4272 suae3
1448 4183 1527 4254 vult
1544 4204 1655 4274 genus
1676 4175 1874 4250 humanum
1892 4177 1972 4246 ideo
1995 4187 2122 4244 conso·

1120 4292 1250 4362 ciatum
1264 4311 1356 4374 esse,
1381 4299 1421 4359 ut
1438 4287 1475 4356 iu
1492 4281 1559 4356 bac
1576 4282 1740 4357 societate
1756 4279 1939 4350 doctrinae
1953 4294 2021 4345 vox
2034 4293 2121 4364 pro·

1121 4391 1388 4488 pagari'possit.
1445 4385 1494 4458 Et
1524 4383 1703 4474 singulare
1733 4379 1800 4451 Dei
1834 4375 2042 4448 beneficium
2069 4385 2122 4444 est

1120 4493 1343 4566 conservatio
1374 4489 1610 4569 familiarum,
1652 4505 1697 4552 ne
1730 4483 1873 4553 crebrae
1907 4475 2123 4550 mutationes

1120 4599 1207 4667 liant
1230 4593 1405 4664 informa
1433 4583 1713 4679 gubernationis.
1775 4582 1860 4655 ldeo
1884 4595 1958 4652 toto
1980 4590 2122 4672 pectore

1120 4723 1184 4770 oro
1206 4695 1322 4764 Deum
1350 4690 1572 4761 conditorem
1594 4684 1733 4780 generis
1756 4681 1904 4756 bomani
1928 4695 1963 4752 et
1982 4677 2123 4750 ordinis

1120 4793 1257 4892 politici
1280 4817 1320 4862 ac
1338 4791 1492 4862 iustitiae
1515 4803 1717 4876 auctorem,
1741 4803 1784 4868 ut
1807 4799 1840 4858 et
1862 4781 2121 4855 celsitudinem

1121 4904 1272 4968 vestram
1288 4907 1403 4968 servet
1421 4893 1657 4978 incolumem,
1684 4913 1836 4982 eumque
1856 4897 1973 4976 regat,
1997 4897 2031 4954 et
2047 4905 2122 4954 ser-

1119 5015 1178 5070 vet
1192 4995 1307 5070 filium
1325 5006 1359 5069 ct
1375 4999 1420 5067 sit
1437 5007 1554 5067 custos
1570 4995 1726 5065 familiae
1748 5002 1782 5060 el
1802 4987 1951 5058 ditionis
1965 4983 2122 5058 Celsitu-

1120 5101 1216 5172 dinis
1232 5104 1401 5172 vestrae.'·
1434 5097 1487 5168 Ac
1507 5107 1548 5168 nt
1561 5093 1629 5166 Dei
1653 5090 1875 5164 domicilium
1898 5089 1997 5175 sitis,
2021 5109 2123 5158 acce·

1120 5207 1181 5276 dat
1206 5215 1239 5275 et
1261 5227 1346 5274 cura
1370 5195 1562 5271 invocandi
1583 5193 1722 5281 Deum,
1753 5208 1788 5266 et
1812 5189 2017 5264 celebrandi
2040 5209 2122 5258 eum

1118 5378 1328 5396 ψ

1152 5489 1182 5558 ⁰)
1198 5485 1218 5544 i.
1234 5500 1259 5542 e.
1276 5483 1396 5540 edictum
1415 5478 1559 5552 pnlsdon
1571 5475 1699 5532 Reclusis
1714 5473 1878 5532 desdmise
1895 5471 1925 5525 in
1941 5469 2013 5526 tneo
2023 5463 2125 5522 Pusb.

1191 5554 1267 5630 quod
1285 5553 1367 5610 babes
1387 5551 1416 5606 in
1434 5547 1549 5616 Scriptis
1567 5545 1685 5622 publicis
1703 5545 1791 5602 besti.
1804 5541 1898 5596 Viteb.
1918 5538 1955 5595 Τ.
1971 5537 1995 5594 Ι.
2011 5551 2040 5609 p.
2051 5535 2115 5590 69].
