4586 6224
238 277 316 360 000
797 277 1234 362 ffl‘lS'fOLAllUld
1282 281 1395 364 otu.
1419 279 1529 360 llll.»
1557 281 1699 361 taso..
2160 287 2205 364 iil

344 451 426 526 Etsi
445 467 565 528 autem
579 459 654 529 scio
675 457 761 542 tibi,
788 449 978 555 Origine,
999 473 1154 552 putrem,
1177 456 1240 550 qui
1287 451 1368 528 Etsi
1386 455 1551 528 aviditati
1573 454 1697 526 rustici
1718 479 1758 526 ac
1779 453 1854 547 spei
1877 478 1952 524 non
1968 457 2161 548 respondebat
2172 455 2214 528 hor

243 556 394 628 coneilio
410 571 447 628 et
459 559 664 630 eruditione
680 561 831 643 excellit,
858 563 1074 642 hortatorem
1089 561 1177 645 fore,
1200 574 1242 630 ut
1291 583 1433 644 munus,
1452 570 1570 628 tamen
1586 557 1669 628 fecit
1683 557 1873 649 sapienter,
1900 559 1993 650 quod
2010 554 2215 632 diciturini'
2265 555 2266 568 ¹

243 653 314 728 laoc
326 659 495 730 volumen
509 661 711 734 fabularum
724 687 798 735 oon
811 665 928 735 solum
943 665 1048 756 legas,
1059 664 1121 732 sed
1138 685 1242 754 pror·
1289 685 1363 746 τις,
1389 655 1548 747 ἐπαίνει,
1575 660 1664 732 boui
1688 657 1843 734 consulit
1860 682 2010 730 mercem
2027 661 2111 730 nullo
2126 663 2215 754 quaesi

244 783 305 832 scs
327 761 461 832 ediscas
478 777 532 849 et,
553 777 596 834 ut
618 781 751 836 veteres
772 767 817 836 de
839 765 980 858 Aesopo
996 765 1179 844 dicebant,
1203 775 1243 832 ut
1291 777 1364 834 tam
1389 777 1509 832 sumtu
1532 774 1594 832 aut
1614 762 1756 847 labore,
1782 775 1949 854 properat
1969 759 2069 852 igitur
2086 761 2117 832 in
2134 763 2216 841 loun
2263 743 2266 802 ⁴

244 859 541 956 erdristophane
555 881 718 960 apparet,
743 879 917 954 conteras,
941 882 1060 938 tamen
1073 879 1112 936 ut
1128 889 1242 934 meam
1293 877 1334 936 ut
1348 863 1434 934 inde
1450 861 1587 956 aliquid
1604 863 1774 955 pecuniae
1788 863 1955 936 lucretur.
1999 861 2063 936 Sed
2072 867 2217 955 properanti
2263 867 2266 946 ‘p

244 987 388 1058 quoque
411 965 618 1058 opinionem
646 991 727 1039 cum
753 971 864 1062 patris
887 969 1019 1040 iudicio
1050 989 1244 1056 congruere
1292 965 1449 1036 occurrit
1464 965 1665 1036 Mercurius
1681 990 1721 1036 ac
1737 965 1837 1058 prius
1851 965 1977 1058 partiri
1998 965 2219 1058 praedamiubn

245 1067 352 1151 teias,
377 1067 472 1138 idem
486 1069 554 1140 tibi
567 1071 757 1164 praecipio,
782 1085 822 1143 ut
836 1096 916 1143 cum
935 1073 1005 1141 iam
1020 1070 1130 1140 latine
1144 1068 1244 1162 loqui
1292 1066 1362 1140 Hie
1375 1067 1503 1138 callide
1519 1068 1673 1140 rusticus
1687 1091 1880 1140 memorem
1898 1091 1935 1138 ee
1956 1067 2108 1164 promissi
2123 1067 2221 1136 lurcio
2262 1154 2263 1164 ἵ

245 1168 412 1262 incipies,
435 1193 620 1266 nmquam
637 1174 682 1243 de
697 1195 807 1244 manu
828 1169 893 1244 has
915 1173 1061 1243 fabellas
1076 1173 1245 1263 deponas.
1292 1170 1391 1264 quit,
1417 1193 1458 1238 ae
1480 1167 1670 1240 dimidium
1688 1171 1877 1252 daturum,
1902 1169 2062 1244 videlicet
2079 1167 2222 1261 amygdala·

244 1266 342 1341 Hinc
354 1271 460 1342 utiles
475 1275 739 1345 admonitiones
756 1278 801 1344 de
822 1277 991 1346 omnibus
1006 1275 1099 1344 vitae
1119 1272 1245 1342 officiis
1293 1297 1373 1342 rom
1391 1269 1571 1363 putamina
1591 1285 1627 1343 et
1649 1271 1887 1366 palmularum
1909 1271 2061 1348 nucleos.
2104 1268 2223 1340 funii

245 1386 278 1442 et
297 1395 500 1444 sennonem
523 1375 674 1448 latinum
698 1399 824 1449 sumes.
879 1376 926 1449 Ut
949 1393 1066 1448 antem
1090 1374 1156 1445 tibi
1178 1369 1245 1443 hue
1292 1397 1462 1465 rumpens
1485 1373 1641 1444 fabulam
1660 1374 1720 1444 ille
1738 1372 1874 1468 inquit:
1899 1369 1980 1444 Hoc
2000 1373 2100 1442 ruodo
2117 1369 2223 1440 canonici
2264 1441 2266 1480 p

244 1475 435 1568 preacipio,
463 1476 512 1548 ita
527 1499 605 1549 sum
618 1475 779 1550 lrortetur
792 1480 861 1550 mei
874 1479 943 1551 loci
961 1475 1180 1557 hominibus,
1206 1475 1245 1544 id
1293 1497 1375 1546 eum
1408 1469 1538 1544 scholis
1579 1497 1783 1546 communes
1821 1476 2005 1546 facultates
2035 1471 2143 1567 partiti
2171 1487 2224 1542 stul.
2258 1541 2266 1569 Α

245 1575 297 1647 at
319 1577 383 1663 iis,
404 1579 470 1672 qai
497 1581 627 1670 passim
654 1585 781 1652 docent
813 1583 931 1652 literas
961 1582 1000 1650 in
1024 1575 1173 1664 scholis,
1203 1589 1245 1646 ut
1293 1575 1389 1648 llaec
1416 1576 1574 1647 narratio
1597 1599 1672 1646 non
1699 1578 1816 1648 solum
1844 1578 1976 1648 illustri
2001 1576 2139 1668 imagine
2155 1573 2224 1666 pinxit
2257 1572 2266 1658 'ss

245 1674 342 1752 tnnc
355 1677 473 1772 ipsum
488 1682 650 1752 libellum
665 1684 738 1753 suis
749 1685 904 1754 alumnis
920 1695 1122 1776 proponant
1141 1693 1179 1750 et
1199 1682 1245 1748 sd
1293 1674 1494 1750 scholamm
1511 1693 1547 1750 et
1569 1678 1752 1750 literarum
1776 1679 2034 1770 neglectionern
2057 1677 2226 1771 pernicioso
2265 1673 2266 1766 3

244 1782 446 1854 scholarum
477 1785 718 1876 cognitionem
758 1802 864 1880 atque
898 1810 1054 1856 amorem
1092 1781 1245 1852 invitent
1293 1781 1386 1851 vitae
1399 1781 1591 1864 communi,
1607 1782 1669 1851 sed
1686 1781 1792 1851 etiam
1807 1783 1967 1854 narranti
1982 1791 2169 1852 ornamento
2179 1789 2226 1845 rtet.
2265 1779 2266 1783 ’

245 1896 363 1954 tenura
378 1884 532 1974 ingania.
568 1884 706 1957 Multae
721 1889 816 1956 enim
832 1888 1003 1958 utilitates
1016 1896 1244 1955 concurrunt.
1291 1881 1452 1952 Multum
1474 1884 1659 1974 profutura
1682 1896 1737 1956 est
1762 1886 1983 1955 consuetodo
2003 1880 2161 1954 recitandi
2178 1877 2227 1948 trin
2265 1945 2266 1964 1

244 1984 440 2058 Discentur
465 1981 525 2058 hic
550 1989 644 2058 vitae
669 2003 870 2080 praecepta,
904 2012 1015 2080 gertus
1039 2009 1244 2056 sermonum
1292 1984 1514 2054 uenationes
1541 1987 1586 2054 ad
1614 1987 1888 2078 comparandam
1920 1986 2010 2056 boni
2032 1980 2180 2056 sennonis
2195 2003 2226 2046 oo
2265 1979 2266 2068 J

244 2081 475 2180 hincpurum
491 2091 660 2175 sumitur,
687 2107 943 2182 praeparantur
960 2091 1101 2182 ingenia
1118 2090 1163 2156 ad
1186 2087 1245 2156 in-
1292 2087 1401 2178 piam.
1434 2083 1531 2155 llaec
1542 2087 1678 2160 utilitas
1692 2087 1811 2158 siaola
1825 2102 2015 2180 peteretur,
2031 2101 2228 2168 tamenuagu

245 2190 425 2260 tellectum
441 2189 634 2282 figurarum
652 2205 687 2261 et
707 2191 977 2282 allegoriarum,
1002 2215 1094 2285 quae
1111 2189 1245 2260 multae
1292 2203 1398 2274 esset3
1423 2190 1484 2258 sed
1506 2191 1678 2262 accedunt
1700 2191 1810 2272 aliae,
1836 2193 1931 2284 quod
1949 2205 1985 2263 ct
2003 2188 2158 2262 iudicium
2174 2181 2228 2254 mi

246 2304 330 2362 sont
357 2292 397 2361 in
419 2293 582 2362 doctrina
613 2295 774 2382 coelesti,
809 2311 843 2366 et
864 2299 1085 2366 consuetudo
1108 2307 1188 2383 apte
1210 2304 1245 2362 et
1293 2303 1351 2361 tur
1372 2304 1407 2360 et
1430 2290 1540 2360 alitur
1566 2313 1686 2362 rerum
1714 2293 1871 2383 cognitio
1903 2287 1969 2362 hac
1998 2305 2092 2364 tanta
2119 2285 2229 2356 varietate

246 2396 283 2462 in
317 2395 395 2465 loco
420 2395 592 2464 miscendi
617 2397 776 2467 fabulam
803 2399 959 2468 sermoni
987 2399 1080 2468 inter
1112 2393 1243 2464 arnicos
1291 2392 1500 2481 imaginum,
1523 2417 1670 2489 quaeex
1686 2407 2114 2477 totarmturasumuntur,
2135 2389 2230 2476 etlepo

245 2519 412 2585 magnum
438 2499 544 2568 decus
566 2511 616 2567 est
647 2513 681 2569 et
705 2523 778 2568 non
806 2501 922 2568 solum
951 2497 1147 2579 comitatis,
1179 2499 1242 2564 sed
1292 2495 1407 2564 adfert
1430 2494 1649 2579 comitatem,
1673 2519 1764 2590 quae
1786 2498 1898 2566 virtus
1915 2519 2083 2586 magnum
2107 2503 2151 2561 est
2168 2510 2230 2557 om

244 2599 350 2668 aiom
371 2601 581 2691 prudentiae
602 2601 745 2670 laudem
765 2604 891 2674 adfert.
944 2599 992 2674 Ut
1015 2623 1131 2691 nuper
1152 2599 1243 2667 ami-
1290 2610 1448 2666 mentum
1469 2591 1644 2682 hominis,
1666 2610 1701 2668 et
1716 2620 1819 2690 saepe
1836 2599 2001 2669 incensos
2016 2595 2122 2676 odiis,
2144 2587 2231 2662 autin
2263 2617 2266 2659 n

244 2721 307 2770 cua
324 2701 501 2793 quispiam
521 2699 561 2772 ie
584 2697 792 2792 gravissimo
814 2725 975 2773 sermone
993 2706 1037 2773 de
1059 2699 1240 2792 republica
1289 2699 1407 2770 subito
1429 2698 1536 2783 lenit,
1568 2719 1671 2790 saepe
1699 2700 1912 2771 moestitiam
1940 2701 2062 2791 pellit,
2092 2711 2124 2766 et
2145 2689 2230 2762 anino
2260 2708 2266 2761 ζ

243 2823 325 2870 curn
340 2797 619 2874 stornacltaretur
632 2805 798 2894 collegia,
822 2827 912 2900 quae
928 2819 1049 2876 tenent
1064 2803 1241 2894 amplissi—
1290 2800 1444 2872 traducit
1458 2802 1504 2870 ad
1518 2801 1677 2872 adfectus
1688 2802 1793 2872 utiles
1810 2803 1853 2871 iis
1869 2803 2039 2890 negotiis,
2062 2823 2145 2896 quae
2156 2813 2232 2884 gertt·
2260 2814 2266 2894 J

245 2920 321 2970 mas
337 2927 422 2994 opes
440 2905 639 2976 studiorum
665 2911 881 2978 tuendorum
903 2931 1025 2993 muso,
1051 2901 1144 2976 nihil
1167 2905 1240 2973 fere
1290 2905 1334 2972 da
1370 2915 1472 2986 sunt,
1509 2915 1551 2972 ot
1578 2904 1624 2972 de
1650 2904 1812 2974 comitate
1845 2901 2098 2997 sapientissimi
2125 2893 2233 2968 honines
2265 2993 2266 3000 ἵ

243 3004 405 3074 decidere
424 3005 573 3077 indeed
593 3009 762 3079 succerdas
784 3006 941 3094 scholas,
965 3005 1061 3081 hunc
1082 3007 1241 3078 narravit
1289 3005 1401 3076 multa
1426 3017 1691 3096 praeceperunt.
1743 3005 1880 3098 legant
1900 3007 2014 3098 igitur
2035 3019 2071 3077 et
2086 3011 2185 3073 ament
2200 2987 2234 3061 ho

242 3103 449 3196 apologum:
475 3105 646 3180 Rusticus
666 3132 771 3201 egena
794 3135 835 3182 ac
854 3113 1014 3184 esuriens
1042 3114 1081 3180 io
1112 3109 1239 3181 itinere
1288 3107 1427 3178 fabulas
1444 3107 1592 3178 studiosi
1605 3131 1740 3192 omnes,
1762 3112 1855 3180 etad
1869 3131 1940 3194 eas,
1964 3121 2132 3202 tanquam
2145 3083 2233 3186 adsis

241 3204 463 3279 Mercurium
485 3225 583 3298 orat,
607 3226 648 3284 ut
667 3213 736 3284 sibi
751 3213 879 3284 offerat
898 3213 1034 3308 aliquid
1059 3211 1241 3296 mercium,
1289 3209 1428 3290 culum,
1451 3207 1562 3280 vitam
1579 3210 1779 3296 conferant;
1806 3213 1934 3305 quodsi
1950 3211 2102 3290 facient,
2127 3195 2236 3274 saint

241 3331 328 3406 quas
343 3311 413 3382 iam
428 3311 470 3380 in
485 3314 541 3382 ria
561 3315 701 3386 relictas
717 3316 894 3400 iuveniat,
917 3339 958 3386 ac
981 3317 1170 3411 pollicetur
1183 3313 1240 3382 di·
1288 3325 1427 3382 emtam
1443 3312 1650 3383 doctrinam
1665 3313 1710 3381 de
1730 3315 1854 3386 multis
1875 3315 2001 3394 rebus,
2026 3313 2067 3382 in
2082 3309 2148 3380 vita
2163 3319 2235 3374 net*

240 3411 444 3484 midimnse
460 3414 559 3487 illios
579 3418 971 3510 templodedicatnrum
986 3443 1071 3494 esse.
1120 3415 1240 3504 Pergit
1288 3413 1408 3499 sariis,
1432 3413 1470 3480 in
1494 3408 1552 3483 his
1577 3413 1792 3502 imaginibus
1813 3416 2034 3508 propositam
2059 3433 2140 3483 esse.
2181 3401 2236 3470 llffl‘

239 3515 392 3586 runicus
415 3516 516 3587 dicta·
536 3539 638 3612 prece
663 3521 755 3590 bona
777 3543 861 3590 cum
882 3543 961 3612 spe,
995 3541 1147 3615 cumque
1166 3519 1239 3586 iam
1289 3514 1382 3598 vale,
1411 3514 1592 3584 carissime
1616 3516 1685 3599 lili,
1719 3529 1753 3588 et
1779 3518 1930 3588 feliciter
1959 3515 2092 3586 discito
2113 3509 2235 3616 liternfl

241 3618 395 3686 stadium
411 3639 524 3688 unum
544 3635 650 3715 atque
664 3619 813 3693 alterum
829 3645 995 3695 emensus
1009 3638 1116 3708 asset,
1136 3621 1239 3690 inve-
1288 3617 1496 3707 disciplinas
1524 3614 1704 3688 Ecclesiae
1731 3619 1790 3688 dei
1821 3619 1937 3691 utiles.
1998 3609 2236 3690 Messallam

194 3761 197 3766 ·
240 3717 296 3789 nit
318 3717 443 3812 plenos
461 3717 618 3794 calathos
640 3725 906 3820 amygdalarum
929 3739 965 3797 et
989 3725 1239 3821 palmularum.
1288 3717 1440 3816 (1550.)

233 3913 243 3934 „
324 3913 329 3922 .
2176 3904 2234 3930 ...2

250 4047 321 4125 No.
337 4049 453 4129 4600.
2094 4063 2147 4130 18,
2168 4049 2225 4114 pm.

242 4141 457 4190 Μ
1059 4161 1201 4250 Rern.
1231 4165 1466 4276 Zieglero.
2075 4139 2266 4250 ‘7⁶⁴³

305 4314 391 4399 *tang
409 4315 438 4372 in
454 4313 543 4374 ltro:
574 4317 701 4376 fabellae
720 4321 871 4394 slesopieae
889 4323 1021 4396 quradm
1039 4325 1162 4382 notium
1185 4335 1213 4380 at
1234 4326 1265 4380 in
1284 4326 1385 4384 scholis
1401 4327 1515 4382 usitatae
1535 4353 1564 4366 -
1582 4355 1619 4370 -
1642 4343 1658 4380 a
1678 4324 1775 4378 tmen
1794 4323 1970 4379 &nerem
2008 4321 2087 4394 bipe-
2105 4316 2173 4373 llll·
2190 4310 2240 4362 l‘

339 4383 419 4440 Etltlr
436 4385 522 4472 elleos
536 4387 565 4442 in
582 4407 644 4462 epp.
668 4389 715 4472 tit.
729 4389 778 4444 Vl.
803 4411 830 4476 p.
841 4393 905 4476 8213
912 4431 923 4458 ,
946 4395 991 4448 sed
1013 4394 1142 4448 dilleront
1159 4393 1289 4466 epistolae
1307 4398 1344 4449 ita
1384 4405 1414 4448 ut
1432 4405 1575 4466 utramque
1594 4413 1609 4448 e
1629 4393 1734 4450 istolam
1752 4393 1797 4450 hic
1813 4391 2053 4476 decuplaunerit.¹
2093 4374 2239 4452 pungnpltt

338 4451 540 4530 ldelrotlronts,
565 4459 640 4530 qnod
657 4457 762 4515 editum
780 4471 820 4517 est
839 4461 869 4518 ln
886 4465 958 4519 libro
969 4455 1020 4521 Vl.
1037 4463 1115 4540 epist.
1134 4463 1248 4520 liabetur
1265 4465 1292 4518 in
1311 4431 1373 4521 eod.
1392 4463 1506 4520 Monac.
1521 4463 1542 4520 Ι.
1561 4483 1587 4536 p.
1618 4462 1676 4526 27..
1694 4461 1769 4534 quod
1786 4459 1966 4519 contulunm.

236 4601 730 4690 elemosinandum
756 4629 788 4690 rt
816 4619 946 4694 virtute
968 4621 1198 4742 pastinati,
1223 4618 1278 4692 D.
1306 4616 1592 4742 Repedando
1615 4611 1653 4692 C
1658 4618 1828 4716 iglerm
1859 4615 2025 4690 Ductori
2043 4601 2240 4702 ‚Tempsa

1087 4749 1207 4798 amico
1220 4750 1291 4798 sno
1307 4749 1434 4799 corus

543 4845 661 4934 (ΑΜ
678 4846 862 4934 omar.)
878 4854 921 4937 ⁴).
1442 4935 1445 4944 Α
1561 4851 1619 4936 (ιη
1641 4847 1726 4918 nrm
1751 4849 1808 4918 rr.
1827 4845 2013 4934 speum)

234 4947 357 5036 Nemo
382 4979 495 5058 potest
515 4965 626 5040 multa
645 4969 751 5040 simul
772 4971 904 5061 facere,
929 4959 1125 5070 eademque
1138 4989 1232 5046 recte
1283 4961 1333 5050 S.
1353 4967 1402 5048 D.
1452 4961 1570 5043 Nemo
1589 4985 1702 5064 potest
1719 4971 1829 5040 multa
1849 4969 1958 5040 simul
1983 4969 2120 5044 facere,
2143 4955 2240 5027 eaden

234 5063 347 5136 lacere
361 5064 498 5156 omnia,
523 5071 641 5166 inquit
656 5066 870 5166 Xenophon.
910 5071 988 5148 Scis
1004 5071 1120 5171 enim,
1145 5079 1232 5172 quid
1283 5101 1353 5174 que
1386 5089 1478 5146 recte
1512 5075 1631 5146 omnia
1663 5075 1794 5160 facere,
1824 5071 1942 5168 inquit
1969 5059 2180 5159 xenophon.
2218 5043 2239 5112 Μ

235 5164 294 5236 ille
314 5167 354 5237 in
372 5167 498 5244 ultimo
520 5165 615 5246 libr'o
636 5173 872 5250 institutionis
883 5175 972 5273 Cyri
995 5177 1050 5250 sui
1065 5179 1232 5270 disputet,
1284 5199 1366 5252 vero
1383 5177 1546 5251 miseriae
1562 5202 1618 5247 me
1631 5177 1759 5247 docent
1775 5198 1882 5248 meae.
1932 5169 2035 5246 Dum
2050 5141 2238 5238 ιιιιιίιειεῐ11011

234 5269 289 5339 9³¹
306 5267 467 5382 Pf‘ls‘fl‘l
483 5274 640 5372 ”Pifflls
662 5295 743 5347 mm
765 5279 912 5372 quidem
928 5280 1043 5352 utitur
1063 5279 1232 5376 exemplis
1283 5281 1418 5366 scribo,
1443 5306 1488 5350 nc
1510 5279 1587 5387 lieri
1600 5278 1753 5372 'quidem
1782 5289 1912 5391 potest,
1937 5287 1978 5346 ut
2002 5269 2139 5360 singula
2161 5247 2240 5329 alisci-

231 5401 457 5424 hm

265 5463 294 5533 ⁶)
312 5461 413 5522 llereio
432 5476 466 5520 aa
482 5483 499 5520 a
517 5483 584 5521 rere
599 5467 765 5538 maerin,
789 5467 812 5524 tl
830 5475 964 5541 damam,
988 5469 1175 5528 &nudem
1192 5467 1283 5542 ipsam
1301 5463 1664 5542 manumittendum
1678 5463 1887 5569 implicas..
