4734 6214
107 305 154 380 ts
575 295 578 302 ’
690 293 1128 378 Eetsrouattum
1177 295 1283 380 ΜΒ.
1318 299 1386 381 Xl.
1438 299 1570 375 1548.
2102 311 2152 388 94

110 497 197 566 egam
218 465 341 542 sdbnc
365 473 412 542 de
435 471 651 544 instituenda
684 473 769 544 illuc
790 474 1007 567 profectione
1031 486 1103 560 tuo,
1155 483 1195 542 ut
1211 472 1255 540 ad
1270 494 1337 540 nos
1352 471 1490 554 veniat,
1516 475 1647 570 quibus
1664 477 1863 580 epistolis⁸l
1879 484 1908 554 si
1925 497 2004 558 tuae
2018 481 2152 560 adhor-

113 603 150 648 sc
167 575 325 646 miseram
349 597 414 664 ego
439 575 583 665 quidem
606 577 703 646 illius
727 579 848 646 eadem
870 577 914 646 de
938 599 978 646 re
1000 577 1044 646 ad
1068 589 1103 646 te
1157 573 1307 642 tationes
1330 576 1557 658 accesserint,
1583 603 1657 648 non
1679 583 1823 669 diffido,
1843 609 1923 656 eum
1946 589 2151 680 persuaderi

119 677 270 750 literasin
294 699 431 750 manus
444 675 491 750 D.
506 672 639 773 Aepini
646 731 657 764 ,
684 697 722 746 nt
743 680 771 748 is
797 703 902 768 porro
921 700 979 746 cas
1001 679 1045 748 ad
1070 691 1102 746 te
1157 697 1278 766 posse,
1305 687 1347 744 nt
1368 677 1469 746 toties
1493 679 1648 750 oblatam
1666 679 1701 776 ⁷)
1732 688 1952 757 vocationem
1973 706 2152 784 sequatur,

125 779 367 852 transmitteret.
419 777 546 848 Mense
561 775 806 872 autemAprili
822 793 884 850 aut
901 778 1013 860 Maio,
1039 780 1104 848 ad·
1156 777 1290 860 nullas,
1316 790 1356 846 nt
1378 779 1552 862 arbitror,
1579 781 1726 854 insidias
1759 781 1914 859 hostium
1938 792 2106 887 nullaque
2121 789 2151 888 ⁸)

123 883 251 952 dideram
268 894 309 950 et
324 903 433 965 meas,
457 883 586 974 quibus
601 882 629 950 si
647 883 737 952 forte
752 895 914 974 sumptus
928 905 1001 950 non
1019 904 1104 973 sup-
1156 878 1325 946 itinerum
1343 880 1496 970 pericula
1519 884 1738 972 pertimescet
1752 883 1799 982 ⁹),
1826 893 1958 983 quaesi
1975 917 2043 986 qua
2057 909 2152 977 erant,

116 997 240 1076 peteret,
271 977 376 1052 hunc
399 1007 456 1051 me
479 983 543 1054 tibi
562 999 768 1054 cirratorum
795 1007 868 1054 esse
889 983 1102 1070 scribebam3
1157 979 1296 1050 minora
1313 993 1429 1050 tamen
1446 997 1530 1053 sunt
1544 985 1599 1070 iis,
1626 986 1665 1054 in
1684 989 1921 1080 quibusnunc
1934 1009 1996 1075 est,
2048 995 2152 1066 Adde

112 1085 294 1154 sednescio
311 1107 360 1154 an
385 1085 429 1152 ad
450 1086 733 1176 tepecvenerint.
786 1084 1104 1176 Rogabampostca
1156 1083 1253 1174 quod
1280 1082 1397 1171 exigui
1419 1085 1594 1178 temporis¹
1616 1089 1787 1162 molestiis
1810 1095 2008 1166 multorum
2037 1121 2153 1168 anno-

109 1185 145 1258 Ι).
158 1183 357 1255 Aldertnm
375 1199 548 1272 nostrum,
574 1201 613 1258 ut
630 1189 677 1272 is,
702 1187 732 1256 si
746 1189 891 1279 quando
904 1187 954 1256 ita
967 1187 1104 1254 incide·
1157 1207 1237 1253 rum
1255 1183 1409 1276 quietem
1434 1186 1522 1273 sibi,
1549 1187 1762 1280 reipublicae
1780 1217 1864 1266 vero
1880 1197 2068 1268 utilitatem
2086 1201 2153 1270 ad*

106 1301 165 1370 ret,
195 1301 238 1360 nt
267 1290 318 1356 ad
345 1303 380 1360 te
401 1288 587 1374 scriberet,
620 1313 829 1380 responsum
854 1288 917 1359 abs
940 1300 974 1358 te
997 1287 1103 1357 nobis
1156 1284 1245 1354 leret
1267 1298 1456 1360 aeternam.
1509 1287 1615 1377 Quod
1641 1291 1670 1360 si
1693 1293 1725 1362 ei
1754 1289 1820 1364 boc
1844 1300 1890 1368 ad
1913 1321 1978 1368 nos
2000 1299 2069 1372 iter
2091 1317 2154 1372 aut

106 1391 317 1482 impetraret.
372 1386 519 1460 Interim
542 1405 660 1462 tamen
683 1416 798 1484 neque
818 1415 882 1481 per
908 1386 1102 1486 Aepinom,
1157 1385 1285 1456 inutile
1313 1401 1375 1457 aut
1407 1389 1644 1462 iniucundum
1664 1391 1706 1488 ¹⁰)
1740 1397 1816 1466 lore
1846 1401 2080 1492 perspicerem
2095 1399 2153 1495 ¹¹),

108 1517 203 1588 neque
224 1515 303 1584 per
320 1483 513 1559 Alhertum
537 1493 599 1562 abs
620 1505 654 1562 te
680 1496 869 1586 quicquam
893 1491 1104 1582 accepimus,
1156 1512 1262 1558 nemo
1280 1511 1337 1558 me
1352 1503 1444 1560 certe
1461 1491 1513 1560 illi
1530 1488 1588 1562 hic
1601 1491 1847 1568 vehementius
1861 1502 2079 1574 dissuaderet
2090 1501 2152 1598 ¹¹);

106 1597 185 1690 quod
207 1593 368 1688 quidem
395 1607 538 1684 propter
562 1595 683 1666 turbas
709 1609 841 1666 vestras
870 1596 1003 1664 lactrrm
1029 1617 1103 1663 esse
1156 1591 1216 1660 sed
1231 1585 1271 1685 ¹³)
1295 1615 1375 1660 cum
1392 1593 1552 1678 videam,
1578 1591 1671 1666 nihil
1688 1601 1733 1668 ab
1751 1625 1811 1686 co,
1836 1617 1897 1672 aut
1921 1603 1989 1696 ipsi
2005 1607 2155 1678 autrei-

104 1695 325 1766 facilenobis
346 1697 609 1786 persuademus.
660 1695 910 1790 Nnncpocro,
935 1721 1016 1767 cum
1032 1689 1102 1766 hoc
1156 1693 1321 1784 publicae
1344 1716 1445 1784 posse
1468 1694 1544 1764 fieri
1561 1698 1705 1784 utilius,
1731 1727 1835 1794 quam
1851 1717 1892 1776 ut
1913 1699 1982 1776 boc
1996 1719 2155 1798 ternpore

103 1800 207 1868 denno
231 1823 253 1866 a
283 1797 392 1866 nobis
415 1798 531 1866 bonus
556 1792 613 1868 bic
634 1795 832 1892 Episcopus
856 1799 1027 1891 postulet,
1063 1811 1104 1868 nt
1157 1798 1201 1863 ad
1222 1818 1287 1864 nos
1309 1795 1445 1880 veniat,
1480 1795 1574 1868 insto
1597 1794 1858 1891 vehementius3
1893 1819 1998 1900 teque
2022 1805 2155 1900 oroi),

103 1925 232 1971 rursum
265 1915 303 1969 te
333 1899 432 1967 illius
459 1899 576 1968 verbis
608 1901 824 1993 suscipiendi
852 1899 992 1972 itineris
1017 1899 1103 1968 illuc
1157 1909 1196 1966 ut
1218 1920 1359 1965 onlnem
1379 1919 1500 1966 curam
1523 1900 1841 1996 cogitationemque
1857 1920 1956 1978 tuam
1976 1909 2015 1978 in
2034 1905 2100 1979 hoc
2115 1906 2156 1999 ¹⁵)

103 2003 323 2086 admoneam,
347 2001 461 2068 facere
476 2023 551 2070 non
567 2003 678 2092 potui,
692 2003 778 2098 quin
797 2003 851 2072 illi
868 1999 988 2072 bacin
1006 2015 1102 2093 parte
1157 2012 1357 2082 convertas,
1392 2011 1430 2068 ut
1444 1991 1662 2096 Philippum
1679 1991 1839 2074 nostrum
1865 2009 1971 2098 plane
1990 2023 2153 2082 nostrum

104 2105 337 2200 obsequerer,
361 2126 402 2170 ac
419 2103 463 2170 ad
481 2115 514 2172 tc
530 2127 672 2175 rursum
694 2105 902 2189 scriberem,
926 2117 978 2189 et,
1004 2118 1044 2174 nt
1059 2104 1103 2171 de
1156 2099 1274 2171 facias.
1313 2097 1439 2186 Qualis
1455 2101 1565 2192 ipsius
1583 2098 1640 2172 hic
1655 2098 1696 2199 ¹⁰)
1711 2106 1828 2178 srrtrrra
1845 2110 1892 2178 sit
1907 2111 2065 2181 conditio
2082 2114 2154 2181 iarn

105 2207 209 2278 animo
237 2205 359 2300 ipsius
385 2203 458 2296 ipse
483 2205 611 2277 certior
634 2207 714 2291 fias,
740 2209 846 2278 verba
870 2207 988 2290 illius,
1013 2228 1103 2300 quae
1157 2200 1313 2284 ostendi;
1340 2201 1388 2270 ita
1406 2214 1522 2272 tamen
1545 2207 1703 2290 ostendi,
1729 2220 1768 2276 ut
1791 2211 2004 2300 experientia
2022 2213 2096 2304 ipsa
2115 2211 2156 2310 ¹⁷)

107 2309 142 2378 sd
157 2333 210 2378 me
227 2305 396 2398 scripsit,
423 2306 563 2381 addam.
614 2305 797 2402 Cepimus,
822 2300 1010 2404 inquit*),
1036 2331 1103 2376 no·
1155 2303 1276 2394 potius
1313 2325 1420 2394 quam
1459 2327 1537 2374 mea
1571 2308 1836 2397 praedicatione
1876 2312 2044 2404 Angliam
2087 2340 2154 2385 no-

110 2411 173 2480 stris
188 2407 368 2482 Ecclesiis
386 2432 504 2476 veram
522 2411 565 2478 de
578 2407 656 2480 Deo
675 2411 873 2482 doctrinam
890 2432 1101 2504 proponere,
1156 2420 1263 2476 stram
1282 2399 1322 2498 ¹⁸)
1347 2405 1378 2472 ei
1404 2405 1543 2496 placere
1567 2408 1706 2499 cupiam
1718 2403 1774 2502 ¹⁹).

112 2515 345 2582 neccolumns
358 2504 564 2580 Cothurnos
583 2513 715 2598 facere,
738 2527 798 2583 aut
813 2509 1104 2602 ambiguitatibus
1257 2501 1437 2576 Hactenus
1461 2506 1532 2580 ille.
1585 2505 1679 2594 lam,
1707 2535 1788 2580 cum
1812 2513 1952 2602 videas,
1984 2516 2036 2588 mi
2058 2508 2154 2586 Plei-

112 2613 232 2700 lndere,
258 2615 324 2683 sed
344 2625 478 2682 semota
495 2613 592 2706 omni
609 2617 796 2705 prudentia
813 2615 946 2699 carnis,
972 2635 1104 2696 veram,
1156 2599 1273 2701 lippe,
1298 2609 1342 2676 ad
1368 2607 1453 2699 quid
1478 2607 1668 2684 voceris2et
1684 2636 1774 2705 qno,
1799 2613 1885 2684 item
1901 2618 2062 2688 omnium
2087 2615 2155 2690 bo-

120 2718 320 2806 psrspicnam
358 2737 538 2784 sacrarum
577 2715 761 2787 literarum
795 2741 941 2785 normae
973 2737 1102 2784 conve·
1156 2709 1294 2778 minum
1318 2721 1352 2778 et
1375 2708 1427 2778 tui
1450 2722 1484 2778 ct
1499 2734 1602 2780 verae
1620 2712 1803 2802 religionis
1826 2719 2153 2792 amantissimorum

124 2815 253 2886 aientem
278 2815 470 2887 doctrinae
494 2817 643 2886 formam
669 2820 714 2886 ad
739 2833 897 2910 posteros
919 2813 1103 2886 transmit·
1156 2821 1192 2878 et
1215 2823 1351 2901 quanto
1375 2810 1493 2881 studio
1514 2813 1668 2898 voceris,
1695 2815 1922 2911 simulatque
1944 2823 2153 2914 expecteris:

116 2929 191 3002 cere,
210 2935 246 2991 ut
271 2933 310 2990 et
327 2919 423 3010 apud
446 2941 568 2988 omnes
591 2933 711 3009 gemes
734 2933 825 2990 extet
847 2919 984 2988 illustre
1003 2917 1101 2987 testi.
1155 2911 1311 3002 profecto
1336 2911 1475 2996 nescio,
1498 2937 1568 3006 qua
1586 2917 1799 2988 conscientia
1818 2921 2039 2992 vocationem
2060 2918 2154 2995 harre

110 3021 254 3092 monium
283 3022 473 3091 doctrinae
502 3033 642 3090 nostrae
655 3017 704 3120 ¹),
737 3021 836 3112 gravi
859 3024 1044 3090 doctorum
1068 3031 1101 3088 et
1153 3012 1331 3102 negligere
1357 3013 1506 3106 possis,·
1525 3018 1752 3108 praesertim,
1785 3020 1979 3094 sibullam
2009 3024 2089 3096 istic
2118 3041 2155 3097 te

106 3121 234 3212 piomm
251 3123 469 3193 arrctoritate
491 3123 680 3209 traditum,
706 3137 740 3194 et
754 3123 919 3194 universa
930 3119 958 3214 ²)
984 3131 1101 3212 poste·
1155 3127 1285 3184 certam
1304 3115 1525 3185 vocationem
1547 3117 1617 3186 iam
1636 3113 1767 3190 habere
1782 3123 1919 3210 videas,
1944 3150 2050 3220 quarn
2067 3122 2153 3198 huic

105 3225 178 3294 ritas
198 3249 372 3296 normam
400 3219 543 3309 lrabeat,
579 3250 685 3320 qnam
701 3239 879 3320 sequatur.
936 3219 993 3293 Ad
1021 3245 1102 3314 per·
1154 3216 1471 3309 meritoopponere
1485 3243 1602 3310 queas.
1628 3219 1669 3290 si
1685 3222 1724 3291 in
1741 3221 1848 3292 simili
1863 3228 2047 3297 vocatione
2063 3225 2155 3323 tc²⁰)

101 3325 284 3396 fidenam
303 3349 379 3394 rem
398 3339 530 3395 cansam
556 3325 776 3396 eruditorum
794 3321 981 3395 hominum
998 3347 1101 3416 prae.
1155 3339 1228 3384 esse
1244 3317 1389 3388 voluisti
1411 3320 1630 3392 sanctissimo
1654 3324 1733 3392 seni
1754 3325 1809 3393 illi
1834 3340 1957 3397 nostro
1974 3325 2153 3421 Episcopo

98 3431 204 3500 sentia
228 3429 341 3498 nobis
370 3451 459 3518 opus
491 3451 564 3495 esse
593 3428 846 3512 indicavimus,
879 3429 941 3521 qui
965 3425 1100 3496 collatis
1154 3409 1392 3504 Coloniensi,
1425 3443 1510 3489 sane
1530 3443 1575 3490 ne
1601 3447 1698 3494 nunc
1720 3427 1864 3518 quidem
1888 3428 1953 3498 tibi
1976 3429 2013 3498 id
2031 3429 2152 3501 licebit

98 3531 286 3600 nobiscum
312 3528 455 3598 indiciis
477 3529 657 3600 doctrinae
681 3531 937 3599 controversias
960 3529 1099 3608 tollant,
1154 3519 1192 3589 ln
1215 3545 1317 3590 causa
1335 3521 1449 3593 multo
1470 3523 1641 3611 graviore.
1695 3524 1798 3610 Scio,
1824 3551 1929 3620 quam
1954 3529 2059 3602 inviti
2081 3533 2153 3603 sint

97 3645 126 3701 et
140 3633 329 3722 integrum
345 3654 472 3722 corpus
491 3655 591 3699 verae
607 3631 788 3700 doctrinae
804 3645 994 3705 exstruant,
1029 3627 1099 3699 Ac.
1153 3635 1187 3694 te
1204 3621 1308 3693 istinc
1326 3623 1505 3692 dimissuri
1522 3625 1593 3709 tui,
1620 3649 1797 3720 quamque
1812 3644 1845 3698 ct
1859 3641 1899 3700 tu
1920 3629 2055 3703 invitus
2070 3633 2153 3704 illos

95 3735 307 3802 cersivimns
332 3731 441 3820 igitur
457 3731 644 3826 plerosque
658 3733 734 3826 pios
751 3747 785 3804 et
802 3727 831 3829 ³)
853 3735 975 3804 doctos
992 3733 1100 3817 viros,
1153 3725 1350 3818 relinquas,
1380 3719 1448 3796 hoc
1476 3725 1698 3817 potissimum
1723 3741 1897 3820 tempore3
1933 3735 1994 3804 sed
2018 3747 2152 3817 metuo,

94 3861 251 3928 quorem
275 3833 366 3904 alios
391 3828 560 3904 babemus
582 3835 671 3920 iarn,
697 3835 785 3904 alios
807 3859 892 3904 vero
917 3835 1015 3903 brevi
1040 3859 1099 3902 ex.
1152 3850 1198 3894 ne
1215 3839 1246 3896 te
1261 3851 1334 3896 non
1350 3851 1473 3897 omnes
1489 3829 1566 3898 istic
1582 3853 1645 3922 pro
1662 3853 1703 3902 eo
1721 3855 1760 3900 ac
1776 3832 1965 3920 vellemus,
1991 3835 2149 3910 audiant.

93 3951 291 4027 pectamns.
351 3933 419 4006 Sed
454 3935 498 4004 de
522 3927 702 4034 Philippo
729 3929 981 4006 Melanthone
1006 3930 1099 4004 nihil
1151 3925 1200 3998 Et
1217 3941 1255 4000 ut
1278 3929 1424 4002 audiant
1440 3931 1600 4002 nondum
1619 3931 1714 4020 scio,
1739 3957 1785 4002 an
1809 3947 1908 4005 tanto
1931 3955 2011 4006 curn
2032 3939 2149 4010 fructu

93 4035 215 4108 edbuc
233 4035 324 4108 certi
345 4031 534 4114 habemus,
561 4061 671 4130 quare
694 4051 729 4108 te
749 4063 971 4132 summopere
995 4061 1099 4126 roga-

91 4165 193 4222 mus,
223 4155 264 4210 nt
288 4139 411 4222 illum,
438 4138 465 4206 si
485 4138 521 4208 id
539 4139 615 4208 nllo
634 4142 740 4210 modo
767 4143 879 4211 facere
903 4140 1032 4233 possis,
1054 4139 1099 4208 ad
1389 4218 1395 4234 ⁸
1458 4217 1466 4232 ,
1523 4219 1531 4232 ,

92 4243 161 4312 iter
194 4243 243 4310 ad
279 4263 346 4308 nos
378 4239 640 4329 suscipiendum
676 4239 883 4333 indncas⁴).
939 4239 1097 4310 Tertiam
1184 4214 1212 4281 ⁶)
1232 4213 1555 4321 G'lb‘m‘'⁸‘l¹⁸¹⁰‚¹'''

91 4369 193 4414 nuere
208 4343 399 4434 epistolam
413 4342 457 4412 ad
475 4341 579 4411 illurn
591 4342 674 4414 misi
689 4340 736 4439 ⁵),
760 4368 828 4438 qua
845 4345 948 4412 illum
964 4338 1101 4430 hortor,
1183 4299 1211 4452 g
1230 4301 1481 4442 ffl‘ffi'bb
1500 4313 1646 4360 'mum'

1184 4470 1214 4539 9)
1231 4468 1323 4525 Gabb.
1335 4471 1518 4536 pertimescit.
1554 4463 1562 4486 ⁸

1186 4558 1230 4623 10)
1247 4557 1297 4609 boe
1315 4561 1355 4608 ad
1372 4571 1425 4610 nos
1443 4557 1497 4607 tter
1513 4582 1549 4596 -
1563 4579 1598 4596 -
1612 4553 1810 4624 iniucundum]
1831 4555 1920 4612 Gabis.
1938 4555 2150 4624 semme'prette-

127 4627 155 4694 ο)
177 4621 292 4692 legitor
308 4623 421 4694 epistole
434 4623 479 4678 ills
490 4625 634 4680 cranmeri
649 4623 682 4680 de
694 4621 882 4686 Melsntbone,
899 4620 961 4676 deta
976 4621 1003 4676 d.
1016 4623 1042 4677 1.
1050 4619 1101 4679 lul.
1219 4641 1285 4678 nem
1297 4627 1338 4676 ad
1349 4641 1400 4677 noe
1415 4634 1467 4676 out
1482 4625 1611 4676 mosem
1626 4633 1677 4676 erut
1688 4625 1880 4678 immundam.

166 4695 244 4746 lm.
257 4691 286 4744 ill
299 4690 428 4761 EPlllolll
442 4693 541 4750 elisor.
556 4695 648 4752 Vltor.
661 4695 704 4748 Ode
720 4693 775 4748 is·
791 4693 827 4748 A·
842 4690 981 4746 Gilibtm
999 4709 1025 4762 P·
1040 4691 1100 4746 1⁰8·
1186 4710 1228 4774 n)
1247 4707 1340 4762 (ἔδω).
1350 4707 1548 4774 prospicerem,

130 4797 160 4860 1)
182 4793 276 4848 Gabb.
289 4797 324 4846 de
335 4795 471 4848 doctrina
483 4805 594 4851 neetm.
1188 4793 1232 4860 12)
1250 4791 1340 4848 Gsbb,
1354 4809 1438 4846 neme
1450 4802 1524 4845 certe
1536 4811 1583 4845 me
1595 4793 1771 4848 dissuaderet
1786 4793 1990 4849 vehementium

128 4897 165 4962 2)
182 4893 255 4952 Cod.
270 4895 334 4950 Bar.
346 4898 376 4950 in
389 4899 532 4954 universo.
1189 4879 1232 4944 18)
1252 4885 1315 4944 sect]
1334 4877 1422 4933 Gabb.
1440 4877 1519 4932 Nune
1539 4897 1614 4932 uere.

129 4995 164 5066 ⁸)
180 5001 331 5066 tumque
341 4999 405 5063 ριὀι
419 5003 461 5062 et]
479 4995 568 5052 Gaba.
586 5005 653 5050 ette
667 4999 783 5052 streties
797 4999 947 5067 quosdam.
1187 4965 1231 5030 14)
1251 4967 1320 5028 m]
1338 4961 1425 5017 Glbb·
1442 4965 1548 5016 Μίαν.

361 5101 367 5116 ,
665 5097 672 5111 ,
897 5097 904 5112 ,
1188 5050 1232 5118 15)
1251 5048 1341 5104 Gaba.
1358 5051 1411 5102 troc
1427 5048 1516 5100 unice.

131 5097 165 5160 ὁ)
181 5115 302 5165 querum
323 5101 397 5150 artene
416 5099 552 5152 tatem
565 5101 793 5162 --mdeecmsl
810 5095 866 5151 Pro
877 5095 918 5151 bre
937 5092 1100 5154 Gabbenss
1187 5135 1220 5192 ¹⁶
1248 5133 1339 5190 θῶ.
1360 5133 1460 5207 Quam
1477 5141 1505 5184 e,
1522 5139 1573 5185 m
1591 5139 1618 5188 σε
1635 5131 1720 5199 w

170 5167 220 5236 ersi
229 5185 291 5220 eum
305 5185 362 5220 non
372 5169 516 5234 grauatim
529 5169 568 5220 eret
583 5183 639 5220 noe
653 5169 792 5228 uenerint,
810 5169 851 5219 eta
869 5176 901 5220 ret
914 5171 1025 5221 muttum
1034 5167 1099 5232 lere
1220 5141 1230 5206 l
1255 5223 1261 5236 ,
1719 5169 1729 5187 ⁰

170 5253 208 5288 ea·
220 5235 255 5287 ὥ
266 5246 382 5298 praeter
393 5245 419 5286 te
433 5243 461 5285 e'e
474 5233 684 5288 distentionem
696 5237 904 5287 desideremus:
920 5253 1099 5302 summopere
1186 5220 1232 5288 ι7)
1249 5223 1327 5288 ΨΜ]
1347 5218 1438 5272 GM·
1454 5224 1557 5270 ”tm-

171 5313 197 5356 te
209 5321 361 5369 regemne,
379 5311 411 5354 ut
424 5315 451 5356 ee
467 5307 578 5368 ipsemet
590 5321 646 5357 noe
659 5303 771 5363 vemrbe,
788 5311 816 5355 et
829 5301 1057 5375 Metantteenem,
1075 5308 1103 5360 ee'
1187 5303 1231 5369 18)
1248 5307 1393 5366 nostram]
1412 5299 1499 5356 Gaba.
1517 5315 1575 5354 non
1592 5298 1683 5355 babet·

172 5375 228 5426 etto
240 5377 325 5426 mode
334 5375 404 5442 fieri
418 5375 539 5440 poteret,
557 5383 650 5428 tecum
665 5375 805 5426 adduces.
1186 5391 1230 5460 ις)
1251 5389 1320 5442 eod,
1337 5390 1404 5444 flu..
1417 5390 1506 5452 ωρῑο,

139 5471 165 5540 ὅ)
181 5475 259 5528 ittam
272 5477 358 5540 mist]
375 5473 462 5532 uass.
477 5475 689 5532 distentionem
700 5476 794 5532 mitto.
1100 5507 1111 5534 ,-
1185 5475 1231 5548 10)
1251 5475 1365 5534 Videtur
1382 5471 1524 5527 cecidisses
1546 5471 1735 5538 obedientem,
1758 5469 1799 5524 rel
1816 5467 1917 5526 simile.

1159 4117 1384 4129 uma-u·-

95 4525 330 4540 ————-
