4734 6214
747 297 1013 378 ANNALES
1046 297 1232 380 VITAE
1267 302 1401 383 MEL.
1455 303 1588 384 1549.
2145 333 2187 386 rx

165 419 192 486 Δ
214 443 238 482 r.

194 443 213 504 Ρ
273 513 447 579 Exossditur
463 510 634 577 Ptolemaei
647 511 724 576 libri·
738 497 878 588 μεγάλης
899 499 1074 579 συντάξεως
1089 537 1192 598 graece
1208 529 1238 578 et
1255 519 1357 588 latine.
2176 579 2178 587 ,

217 631 247 692 7.
275 618 411 684 Pastores
425 616 686 702 Witebcrgensis,
712 613 881 701 Lipsiensis
904 631 934 680 et
951 615 1126 683 Dresdensis
1147 619 1275 702 probant
1297 621 1427 682 l'ormasn
1444 617 1644 704 Agendorum
1660 644 1812 686 sacrorum
1834 620 1998 706 aGeorgio
2017 620 2185 690 Anhaltino

323 726 479 802 scriptam.

188 835 242 898 18.
274 821 451 888 Conventus
467 821 697 906 Torgeviensis,
729 823 785 884 uhi
797 819 976 884 Melanthon
992 827 1105 909 aliique
1120 824 1157 886 de
1171 824 1270 886 forma
1285 820 1486 907 Agendorum
1500 847 1651 890 sacrorum
1664 832 1790 891 ulterius
1805 828 1979 894 deliberent.

186 937 242 1000 16.
274 923 480 988 hlelmthonis
493 947 670 1009 responsum
686 925 724 986 ed
737 929 964 988 concionatores
978 925 1218 1010 Hernburgeuses
1233 929 1270 988 de
1285 928 1468 1010 adiaphoris.

184 1040 243 1103 21.
274 1026 473 1110 Megdeburgi
488 1031 638 1111 prodeunt
651 1030 747 1090 libelli
762 1028 900 1090 adversus
914 1027 1090 1112 Theologos
1105 1028 1363 1111 Witebergenses.

181 1143 239 1204 23.
275 1129 457 1194 Melanthon
470 1132 621 1213 praefatur
636 1135 669 1192 iu
687 1129 778 1192 Tom.
793 1126 854 1192 ΙΙΙ.
871 1152 997 1212 operum
1012 1137 1174 1194 latinorum
1190 1129 1330 1194 Lutheri.

183 1242 238 1304 28.
275 1230 451 1296 Conventus
465 1229 635 1313 Grimmae,
662 1235 716 1294 ubi
731 1235 807 1296 liber
819 1233 1020 1315 Agendorum
1032 1257 1184 1298 sacrorum
1195 1238 1428 1318 recognoscitur·

171 1351 241 1523 ΜΤ.
273 1451 446 1516 Declaratio
465 1449 696 1534 Theologorum
712 1453 749 1514 de
766 1455 844 1515 libro
864 1449 1064 1535 Agendorum
1078 1456 1279 1517 inconvento
1297 1452 1491 1519 Grimmensi.

276 1555 404 1618 ineunte
418 1553 502 1617 Maio
516 1553 774 1639 Archieplscopus
786 1554 987 1638 Mogentinus
999 1561 1031 1618 in
1044 1559 1224 1639 provinciali
1240 1543 1356 1642 synddo
1379 1560 1511 1620 restituit
1532 1555 1714 1616 ceremonias
1732 1557 1892 1636 papisticas
1916 1577 1933 1617 a
1948 1553 2184 1620 Prote'stsntibus

345 1661 400 1719 hro
423 1679 495 1724 aas.
1761 1687 1766 1695 ¹

208 1765 242 1828 9.
274 1669 453 1822 Mehnrtrgcd
467 1761 596 1822 absolvit
609 1757 701 1820 Tom.
718 1753 777 1820 ΙΠ.
795 1779 922 1841 operum
936 1752 1064 1824 Lutheri
1081 1765 1255 1824 latinorum.
1307 1757 1386 1823 Item
1401 1759 1567 1822 Ptolemaei
1585 1757 1662 1817 liber
1683 1759 1859 1820 absolvitur.
1911 1755 2008 1823 Adest
2023 1759 2182 1824 Witebcr-

327 1883 382 1944 gae
396 1860 544 1941 Sabinus,
568 1859 772 1958 Melanthonis
790 1883 890 1942 gener.

187 1969 244 2032 10.
275 1961 455 2026 Melanthon
470 1964 572 2026 laudat
587 1977 619 2024 et
632 1965 822 2024 commendet
837 1963 1020 2044 Perreerrsm,
1047 1971 1252 2029 convictorem
1267 1987 1366 2028 snum.

187 2070 244 2134 ll·
275 2063 347 2130 illel.
364 2067 515 2148 prestetur
529 2069 563 2126 in
575 2064 741 2128 Ptolemaei
757 2066 985 2130 mathematicae
999 2073 1229 2132 constructionis
1244 2071 1356 2131 librum
1368 2063 1414 2146 1.,
1441 2085 1544 2148 graece
1565 2076 1594 2127 et
1609 2067 1701 2125 latine
1715 2061 1831 2124 editum
1851 2083 1904 2144 per
1917 2057 2078 2128 Erasmum
2094 2062 2182 2130 Seel-

375 2169 465 2228 dense
499 2211 508 2229 .

273 2171 496 2351 Hcdetlempo:
509 2271 583 2330 acris
600 2271 694 2330 oritur
709 2269 872 2352 disputatio
887 2271 924 2331 de
939 2275 1018 2334 linea
1032 2285 1133 2351 veste,
1159 2277 1222 2336 sive
1236 2269 1337 2351 Alba,
1364 2290 1423 2354 qua
1439 2273 1485 2331 uti
1500 2268 1645 2330 debebant
1667 2277 1800 2348 pastores
1815 2269 1899 2329 iussu
1913 2263 2059 2330 Electorls
2081 2273 2114 2330 in
2126 2271 2182 2332 ad-

322 2372 519 2434 ministranda
534 2391 626 2433 coena
641 2391 732 2436 sacre.
785 2371 951 2451 Putabant,
979 2375 1037 2437 hoc
1054 2397 1117 2437 esse
1137 2376 1268 2438 reditum
1288 2376 1326 2435 ad
1348 2375 1530 2436 ceremonias
1546 2374 1724 2453 papisticus,
1749 2391 1821 2451 prae
1843 2374 1964 2432 caeteris
1978 2368 2082 2434 Pastor
2099 2369 2182 2434 Tor·

323 2479 490 2556 gaviansis,
517 2471 645 2534 Gabriel
656 2471 798 2550 Zwillt'up
812 2471 1016 2556 (Didymus),
1040 2481 1163 2561 eiusque
1180 2475 1334 2538 Diaconus
1348 2473 1441 2538 Mr'eh.
1458 2471 1619 2534 Schuleius
1634 2470 1847 2554 (Praetorius).

183 2579 241 2642 22.
273 2571 423 2656 Sabinus,
449 2597 539 2658 gener
550 2573 773 2658 Melanthonis,
797 2580 925 2640 filiolam
939 2578 1265 2644 rusmalllelsnthone
1281 2581 1437 2642 educatam
1450 2597 1553 2642 secusn
1566 2575 1748 2638 abducturus
1762 2587 1806 2637 est
1826 2577 1860 2634 in
1875 2569 2036 2638 Prussiem.
2088 2574 2178 2656 (vta.

195 2777 248 2842 25.
272 2675 615 2858 MJPA‘llpeffi,1¹¹²J¹¹·l)⁰i
628 2775 783 2860 Prussiae,
809 2784 911 2844 scribit
926 2781 964 2844 de
977 2778 1109 2846 Lutheri
1127 2785 1221 2848 vidua
1236 2796 1267 2846 et
1278 2786 1390 2847 liberis.

191 2883 244 2946 27·
272 2877 453 2944 lllelenthon
473 2885 576 2948 scribit
591 2879 667 2944 Vitc
682 2881 846 2946 Theodoro
862 2886 1062 2968 epitaphium.

172 3075 239 3141 1¹²⁰·
274 3099 401 3165 Ineunte
415 3099 506 3164 lunio
521 3099 595 3166 hiel.
612 3113 726 3165 atroces
739 3105 830 3166 sentit
844 3103 963 3167 dolores
978 3127 1017 3167 ex
1033 3108 1148 3168 calculo
1164 3119 1255 3170 ortos.

207 3201 241 3264 9.
276 3203 397 3266 Florius
412 3203 610 3286 Megdeburgi
624 3209 757 3286 plerutra
773 3211 975 3270 convitiorum
991 3207 1053 3270 edit
1070 3213 1103 3270 in
1117 3209 1255 3272 doctores
1272 3207 1528 3290 Witebergenses.

187 3302 242 3368 10·
275 3307 452 3374 llleleuthou
468 3311 562 3369 mittit
575 3303 706 3388 Georgio
725 3306 775 3374 Pr.
790 3306 961 3374 Acheltino
978 3314 1145 3374 orationem
1167 3311 1203 3372 de
1220 3311 1308 3376 Pauli
1323 3311 1423 3374 dioto:
1449 3321 1539 3388 typus
1557 3316 1622 3368 esto
1636 3303 1694 3367 eic.
1744 3297 1822 3366 Item
1848 3302 1972 3366 initium
1995 3303 2178 3386 catechismi,

324 3431 416 3494 quern
430 3413 585 3490 scripserat
601 3412 712 3471 filiolae
725 3431 806 3476 suae.
1513 3401 1521 3410 ’

274 3510 400 3575 Gabriel
410 3511 564 3588 Zroillirrg,
588 3508 693 3574 Pastor
708 3511 853 3595 Torgsv„
869 3526 900 3576 et
915 3517 979 3576 eius
995 3509 1150 3577 Diaconos
1164 3511 1258 3578 Misit.
1274 3512 1413 3593 Sobrius,
1441 3515 1495 3598 qui
1511 3508 1740 3586 contendebant,
1767 3505 1969 3569 idololatriam
1985 3528 2058 3588 esse,
2084 3511 2131 3572 uti
2145 3511 2178 3571 in

323 3636 404 3676 sacre
419 3636 511 3676 coena
525 3617 605 3676 lines
620 3629 701 3676 veste
715 3614 945 3698 Witernhergaa
960 3630 1050 3698 sunt,
1074 3617 1127 3680 sed
1139 3617 1247 3680 frustra
1261 3632 1422 3682 monentur
1438 3613 1634 3693 aTheologis
1648 3607 1821 3689 Witeberg.

185 3723 241 3788 12.
272 3715 469 3796 Melanthon,
493 3714 708 3798 Bugeuhagius
730 3731 760 3780 et
779 3719 949 3798 Forsterus,
977 3725 1062 3782 iussn
1083 3717 1247 3800 Electcris‚
1274 3720 1406 3803 Torgam
1429 3741 1460 3782 se
1479 3716 1655 3793 conferunt,
1681 3725 1715 3775 nt
1730 3723 1872 3778 moneant
1885 3707 2038 3774 Pastorem
2059 3725 2087 3774 et
2100 3709 2178 3774 Dn-

322 3840 436 3882 conum
450 3819 541 3880 huius
557 3821 657 3898 urbis,
682 3841 721 3882 ne
735 3825 888 3904 populum
908 3825 1057 3887 concitent
1079 3824 1217 3886 adversus
1233 3822 1362 3886 formam
1375 3821 1575 3902 Ageudorum
1591 3837 1743 3882 sacrorum
1764 3835 1888 3878 novam.
1912 3845 1965 3862 -
2014 3807 2053 3874 ln
2075 3817 2179 3878 locum

322 3917 471 4002 Diaconi,
498 3917 651 4000 Schulzii,
678 3941 754 3984 mox
771 3926 914 3987 suffectus
928 3937 972 3988 est
986 3921 1130 4002 Georgius
1145 3923 1246 3988 Mobr.

184 4025 240 4091 22·
270 4021 450 4087 Melanthon
463 4026 579 4086 calculo
596 4025 722 4086 laborat.

183 4131 239 4200 hrt

208 4239 238 4304 l·
271 4243 417 4308 Edictum
430 4243 566 4308 Mauritii
579 4241 745 4326 Electcris‚
765 4267 825 4331 quc
840 4249 935 4328 iubet,
963 4261 997 4311 ut
1013 4269 1118 4314 omnes
1130 4247 1266 4314 Pastores
1282 4270 1362 4314 nove
1376 4244 1575 4330 Agendorum
1591 4262 1742 4308 sacrorum
1755 4239 1865 4318 forma,
1890 4241 1958 4322 ipro
1975 4245 2175 4324 promulgata,

323 4359 457 4410 utantur.

358 4437 448 4522 (bot
468 4437 641 4524 [remonuit
661 4435 783 4508 tirius
805 4436 1004 4527 finierint.)

206 4577 239 4642 6.
270 4565 416 4630 Edictum
429 4565 554 4628 Henrioi
570 4563 627 4646 ll.,
653 4565 746 4652 Regis
759 4568 884 4652 Galliae,
909 4589 1012 4638 contre
1029 4573 1236 4642 Protestantes.
1267 4577 1277 4592 '

184 4680 240 4742 26.
271 4669 451 4733 Melanthon
467 4681 591 4731 vocatus
608 4675 699 4734 estin
714 4672 912 4738 Academiam
926 4675 1172 4744 Rostochianam.

161 4871 241 4956 Aug.
272 4873 357 4938 Mota
370 4878 432 4936 iarn
447 4886 492 4936 est
507 4879 708 4939 controversia
723 4874 918 4943 Osiandriaoa
937 4885 974 4946 de
993 4889 1221 4966 iustificatione,
1249 4883 1454 4968 Regiomonti.

159 5071 239 5159 Seps,
274 5069 401 5134 ineunte
415 5091 517 5133 mense
530 5093 600 5134 cum
616 5069 771 5138 loachimo
789 5071 958 5140 camerario
973 5081 1034 5143 fuit
1049 5085 1081 5143 in
1097 5088 1183 5162 aula,
1208 5087 1366 5146 accersitus
1380 5078 1420 5140 ed
1436 5073 1580 5162 quaedam
1594 5069 1631 5132 ‘1⁰
1647 5067 1749 5130 ⁵⁰¹1⁰¹⁸
1767 5066 2004 5128 ἆθῙῙΜῙΜ·

206 5185 238 5248 9.
272 5171 451 5236 Melanthea
464 5177 557 5235 mittit
570 5177 736 5236 orationem
752 5177 788 5240 dc
804 5175 983 5262 crucigero,
1008 5197 1038 5246 et
1053 5183 1272 5265 Panegyricum
1288 5187 1325 5246 de
1339 5183 1452 5244 leonae
1467 5177 1613 5256 baptista·

182 5285 239 5348 19.
273 5273 345 5338 Met.
363 5289 393 5338 et
409 5271 627 5357 Bugenhsgius
643 5282 868 5345 concionatores
883 5281 1112 5368 Berolinenses,
1137 5290 1174 5351 de
1187 5303 1310 5372 peccato
1327 5289 1451 5368 originis
1463 5287 1497 5345 in
1508 5275 1604 5342 Merit
1617 5276 1732 5354 iil'83¹²‘
1748 5273 1909 5352 lffldfflfflt
1936 5262 1974 5325 'd
1989 5261 2179 5326 ⁰⁰⁰⁰⁰¹di¹¹¹¹

324 5377 468 5438 tuendam
485 5377 654 5442 hortentur.

276 5475 350 5544 Mel.
369 5483 402 5540 iu
418 5501 508 5542 usum
520 5477 688 5544 Bernhardi
703 5481 855 5567 Ziegleri,
881 5483 1069 5573 Lipsiensis,
1093 5493 1197 5557 scribit
1206 5493 1423 5572 propositiones
1438 5487 1476 5548 de
1488 5481 1594 5544 Esaia·

189 5575 370 5644 marrae.
387 5577 490 5647 Ores.
517 5581 601 5648 Vos..
617 5581 691 5650 vlt.
1541 5580 1566 5648 b
