4730 6202
246 285 404 412 ιω
703 419 718 437 ⁶
813 309 1251 398 nrrsroatnon
1302 319 1555 406 arn.x1t
1608 321 1743 407 reae.
1910 381 1916 388 .
2167 323 2240 399 naa

245 514 344 585 tione
359 505 497 579 animos
513 499 692 591 erigimus.
742 491 943 568 Delectatus
961 495 1241 566 sumetlamtuo
1294 521 1359 567 nec
1379 499 1454 568 ulla
1477 499 1516 570 in
1538 523 1576 570 re
1598 500 1683 572 laesi
1698 523 1875 596 uuquam,
1903 499 1973 571 texi
1991 499 2119 592 potius,
2139 515 2172 569 ut
2187 500 2241 592 ipse
2314 572 2315 576 ,

248 613 451 687 etaliorum
473 605 678 676 docentium
701 618 909 690 congressu,
934 611 974 669 ut
997 621 1072 669 non
1093 599 1243 668 obscure
1295 613 1409 675 norat.
1468 599 1654 692 Quantum
1689 619 1805 674 autern
1833 603 1961 674 veneni
1984 617 2101 672 contra
2121 627 2169 670 me
2183 626 2243 670 evo-

249 715 530 788 animadvertere
552 705 709 801 potuisti.
767 699 845 772 Etsi
874 713 990 772 autern
1016 722 1091 770 non
1115 697 1242 770 dubito
1297 703 1444 788 mocrit,
1466 729 1574 774 nemo
1593 729 1665 774 non
1684 708 1798 794 videt,
1823 731 1903 776 cum
1922 705 2064 799 quidem
2077 704 2111 772 in
2132 705 2246 798 quibus-

251 835 314 890 tuo
329 815 464 887 iudicio
483 825 614 902 tuaque
630 808 813 877 voluntate
835 805 989 874 libenter
1011 819 1044 874 te
1066 799 1244 873 Ecclesiae
1298 807 1378 874 darn
1397 807 1485 878 loeis
1499 807 1612 876 sciens
1634 808 1761 878 salsum
1785 808 1926 880 dixerit.
1978 807 2065 878 lnde
2083 807 2174 880 ctiam
2193 805 2248 874 eius

251 934 389 994 vestrae
406 913 632 986 concordiam
656 907 768 993 tueri,
792 920 909 976 tamen
928 923 1112 1000 postquam
1130 903 1245 974 Balti-
1298 901 1556 980 enthusiasmus
1573 909 1786 982 iudicandus
1811 923 1874 985 cst.
1923 905 1978 980 Ac
2003 912 2048 978 de
2069 932 2122 976 me
2137 908 2249 1000 quiden

252 1023 302 1094 cis
327 1019 458 1090 libellis
480 1015 614 1087 semina
645 1009 844 1080 discordiae
872 1033 990 1100 sparsa
1015 1031 1088 1078 csse
1111 1006 1246 1090 audivi,
1299 1003 1392 1078 nihil
1413 1013 1610 1102 respondeo
1634 1011 1751 1096 aliud,
1784 1037 1889 1105 quam
1916 1013 2011 1104 qnod
2036 1013 2078 1080 de
2101 1033 2134 1078 se
2162 1008 2252 1100 inquit

253 1136 414 1196 amanter
434 1134 468 1190 te
495 1118 670 1188 orandum
697 1136 769 1184 esse
801 1113 942 1192 censui,
974 1135 1019 1180 ne
1054 1109 1246 1180 certamina
1300 1107 1574 1194 Demosthenes,
1606 1113 1709 1184 sime
1732 1115 1837 1184 talem
1855 1135 1927 1183 esse
1944 1113 2123 1195 iudicatis,
2144 1111 2252 1204 qualem

256 1219 526 1316 moreas,‘quae
542 1215 720 1289 Ecclesiae
741 1227 875 1283 vestrae
894 1212 1185 1312 tranquillitatem
1213 1222 1247 1278 et
1302 1213 1414 1303 pingit
1439 1214 1498 1282 ille
1523 1227 1595 1286 tota
1613 1239 1697 1286 usus
1718 1229 1793 1286 arte
1809 1210 2075 1309 sycophantica,
2099 1207 2181 1280 nibil
2201 1211 2255 1278 ulla

255 1329 396 1421 piorum
413 1321 675 1394 invocationem
692 1318 833 1388 turbare
845 1329 998 1406 possent.
1033 1312 1148 1382 Multa
1164 1324 1248 1382 sunt
1301 1319 1397 1384 dere
1415 1317 1510 1386 credi
1527 1311 1618 1386 mibi
1632 1331 1731 1408 peto,
1755 1341 1819 1386 nce
1835 1339 1977 1401 recuso,
2004 1341 2075 1409 quo
2092 1315 2197 1383 minus
2213 1335 2255 1382 ra-

256 1433 293 1500 in
327 1429 399 1500 illis
430 1423 617 1520 paradoxis
641 1423 698 1488 vel
721 1418 936 1510 aenigmata,
968 1417 1025 1500 vel
1047 1409 1250 1506 sophistica,
1303 1418 1379 1506 piar
1397 1418 1514 1486 statim
1536 1419 1579 1488 ad
1606 1419 1790 1510 supplicia.
1848 1416 1921 1487 Nec
1945 1441 2008 1508 ego
2031 1420 2075 1486 de
2095 1417 2176 1485 meis
2195 1415 2256 1484 ullis

257 1556 348 1628 quae
368 1529 500 1623 populo
522 1519 614 1594 nihil
641 1534 805 1613 prosunt,
832 1517 967 1588 etiamsi
991 1516 1169 1588 leniantur
1191 1515 1250 1584 in·
1303 1519 1457 1588 inventis
1474 1543 1604 1610 pugno.
1631 1517 1736 1588 Bono
1753 1521 1871 1590 studio
1889 1533 1930 1590 ut
1946 1523 2105 1588 iurarem
2121 1518 2257 1596 iuniores,

258 1631 528 1726 terpretatione,
553 1618 742 1718 qualelroc
767 1633 836 1704 est,
862 1621 958 1713 quod
983 1617 1165 1688 contendit
1188 1618 1248 1684 illa
1303 1645 1525 1690 communem
1566 1624 1775 1692 sententiam
1810 1619 2051 1692 Ecclesiarum
2090 1634 2257 1689 nostrarum

258 1759 385 1829 gorgo,
411 1756 485 1802 non
507 1742 598 1798 recte
623 1725 710 1795 dici:
734 1719 831 1792 Deus
849 1721 999 1791 vivificat
1019 1731 1250 1802 renascentes,
1303 1721 1477 1812 explicare
1502 1723 1686 1796 illustratis
1718 1723 1898 1794 vocabulis
1929 1736 2076 1793 conatus
2107 1747 2189 1792 sum.
2234 1719 2261 1790 si

258 1840 318 1912 sed
335 1837 411 1907 'vult
425 1833 512 1904 dici:
539 1828 696 1900 Densest
714 1825 787 1917 ipsa
802 1822 1061 1892 renascentium
1078 1822 1162 1891 vita.
1191 1815 1248 1890 An
1304 1824 1388 1916 quid
1416 1824 1659 1916 improbabat,
1684 1849 1748 1896 cur
1773 1849 1958 1917 nunqnam
1980 1825 2181 1908 admonuit,
2203 1845 2261 1892 euru

262 1965 334 2011 non
352 1939 428 2008 vult
445 1931 614 2020 distingui
637 1931 730 1997 inter
746 1939 936 1996 creatorem
963 1937 997 1993 et
1021 1925 1129 1992 vitam
1154 1945 1251 1990 crea·
1304 1939 1401 1994 tanta
1419 1939 1508 1996 esset
1522 1927 1768 1998 familiaritas?
1820 1925 1871 1998 Ut
1891 1941 2010 1997 autem
2035 1927 2129 1997 filius
2142 1923 2200 1994 Dei
2220 1947 2263 2014 pc·

262 2043 358 2114 tam?
384 2051 444 2109 aut
461 2037 536 2106 vult
552 2029 666 2102 Deum
690 2041 828 2099 tantum
851 2049 924 2095 esse
941 2024 1094 2096 Stoicam
1112 2018 1252 2096 tvdatt-
1306 2029 1368 2112 tit,
1393 2041 1433 2098 ut
1453 2029 1558 2098 saciat
1582 2041 1746 2100 aeternus
1768 2041 1888 2120 pater,
1920 2042 1962 2098 ut
1983 2053 2097 2098 unum
2119 2029 2216 2098 simus
2235 2025 2263 2094 iu

259 2143 387 2238 χειανῗ
437 2139 506 2209 Fac
522 2133 589 2205 boc
606 2133 709 2201 leniri
728 2153 828 2222 posse
843 2131 1025 2198 commoda
1042 2129 1248 2216 interpreta·
1306 2130 1399 2218 ipso,
1429 2129 1478 2200 ita
1506 2153 1571 2199 nus
1598 2154 1739 2224 quoque
1760 2131 1992 2219 adiungentes
2017 2145 2137 2202 nostra
2157 2145 2225 2200 vota
2241 2141 2264 2196 ct

212 2333 215 2342 ι
262 2249 380 2326 tione,
405 2243 504 2333 (narn
522 2253 555 2307 et
568 2260 633 2324 ego
650 2236 715 2306 ista
732 2229 919 2324 pharmaca
939 2231 1059 2320 novi);
1086 2231 1145 2296 scd
1165 2228 1252 2320 qnid
1305 2233 1472 2322 gemitus,
1488 2234 1532 2302 ad
1551 2233 1679 2304 strmmi
1693 2232 1896 2304 Sacerdotis
1911 2234 2025 2304 nostri
2047 2233 2264 2321 precationem,

263 2349 407 2442 prodest
430 2341 560 2436 populo
586 2339 729 2408 turbare
753 2357 807 2403 res
831 2346 923 2402 recte
942 2331 1109 2400 traditas?
1160 2328 1253 2399 Sunt
1306 2357 1447 2402 oremus
1463 2347 1644 2404 aeternum
1664 2349 1818 2425 patrem,
1840 2348 1880 2404 ut
1896 2357 1962 2404 nos
1977 2337 2102 2406 doceat
2118 2349 2151 2404 et
2167 2333 2264 2422 guber

264 2463 383 2527 autem
400 2447 488 2528 alia,
514 2464 603 2538 quae
618 2463 662 2510 ne
678 2448 824 2530 possunt
839 2434 981 2528 quidem
998 2433 1124 2516 leniri,
1149 2431 1253 2524 quale
1306 2449 1386 2518 net,
1412 2447 1446 2504 et
1464 2450 1602 2526 pectora
1624 2449 1743 2506 nostra
1765 2460 1828 2508 suo
1852 2449 1973 2506 sancto
1988 2435 2126 2528 Spiritu
2147 2434 2267 2526 copulet.

264 2549 334 2622 hoc
348 2563 416 2622 est:
442 2560 524 2616 aute
544 2563 657 2612 annos
678 2537 777 2610 mille
800 2537 1012 2631 quingentos
1033 2537 1159 2604 factam
1181 2555 1253 2602 esse
1306 2525 1400 2606 Vere
1420 2538 1587 2624 adfirmo,
1613 2551 1647 2609 tc
1663 2563 1681 2606 a
1698 2563 1755 2608 me
1770 2538 1889 2628 diligi,
1913 2551 1948 2608 et
1963 2551 2088 2627 optare
2102 2563 2175 2622 me,
2201 2546 2266 2606 utet

264 2653 527 2748 remissionem,
554 2645 616 2714 sed
628 2667 724 2712 nunc
738 2637 838 2710 illabi
854 2637 1035 2710 iustitiam.
1087 2631 1254 2706 AnNero
1307 2663 1498 2710 consensus
1522 2640 1569 2708 sis
1594 2640 1632 2708 in
1652 2641 1746 2710 veris
1760 2640 1944 2712 sententiis
1966 2641 2063 2710 inter
2084 2665 2149 2710 nos
2172 2659 2266 2730 perpe·

266 2753 375 2826 babet
389 2743 659 2822 remissionem?
708 2741 778 2814 Sed
797 2742 907 2832 perit,
931 2740 1105 2831 quianon
1130 2737 1254 2828 illapsa
1307 2756 1410 2820 tuus,
1437 2756 1470 2810 et
1486 2743 1638 2812 amicitia
1657 2755 1846 2834 perpetua,
1872 2767 1911 2812 ac
1928 2736 2018 2810 milri
2036 2743 2139 2811 valde
2159 2755 2266 2830 gratun

267 2873 318 2928 est
333 2855 478 2926 iustitia.
528 2842 747 2920 Cohorrcsco
769 2839 856 2912 haec
876 2841 914 2910 in
932 2837 1112 2910 Osiandro
1136 2839 1254 2928 legens
1307 2843 1428 2930 iacies,
1455 2843 1484 2913 si
1508 2846 1608 2916 etde
1632 2845 1802 2914 sententia
1821 2858 1879 2915 tna
1903 2845 2106 2916 etamicitia
2121 2843 2268 2914 rescribes

267 2974 329 3030 aut
352 2957 525 3046 cogitans,
550 2963 585 3019 et
609 2947 731 3017 rniscet
752 2945 820 3014 alia
841 2945 883 3011 de
899 2941 1077 3033 personis,
1104 2942 1148 3010 de
1173 2939 1254 3033 qni·
1308 2943 1404 3016 Bene
1422 2946 1510 3020 vale.
1561 2944 1629 3018 Die
1645 2943 1817 3032 Brumae,
1846 2946 1956 3032 1652,

267 3063 356 3139 bns,
382 3058 410 3128 si
430 3055 588 3136 vixisset,
608 3048 782 3121 atrociora
799 3045 990 3116 certamina
1006 3042 1162 3112 fortassis
1178 3067 1255 3110 mo·
1817 3043 2006 3138 Philippu,
2025 3041 2239 3120 Melantho,

264 3164 385 3232 visset.
438 3156 515 3228 Scis
538 3155 576 3222 in
593 3149 724 3220 uostris
740 3145 907 3219 Ecclesiis
927 3145 1078 3214 fideliter
1098 3143 1255 3213 inculca·

270 3281 341 3336 tam
377 3283 450 3331 esse
473 3255 689 3327 doctrinam:
728 3251 767 3318 in
788 3272 870 3318 vera
894 3245 1142 3330 conversione,
1174 3267 1255 3314 eum
1309 3285 1512 3296 ---.

270 3367 378 3438 corda
401 3363 470 3432 fide
491 3382 556 3450 per
574 3356 722 3424 verbum
737 3353 938 3440 eriguntur,
963 3344 1124 3418 habitare
1138 3343 1255 3416 Deum

271 3461 531 3538 inconversis,
567 3457 638 3526 dici
668 3453 945 3525 consolationem
974 3450 1012 3517 in
1039 3450 1206 3518 cordibus
1233 3471 1252 3516 a
1313 3463 1374 3536 No,
1387 3463 1499 3540 5232,
1934 3470 2106 3540 ,megb-
2120 3471 2260 3555 (Targae.)

193 3599 201 3610 ·
270 3570 344 3640 filio
361 3575 580 3636 monstrante
595 3557 735 3628 Patrem
757 3569 789 3624 et
807 3555 882 3623 dari
907 3551 952 3621 ab
974 3577 1014 3620 eo
1030 3549 1202 3642 Spiritum
1220 3546 1256 3620 S.
1316 3560 1487 3589 Μ
1897 3569 2270 3608 Μ

271 3671 343 3744 Sed
359 3668 427 3738 alia
446 3663 603 3759 quaestio
625 3674 693 3731 est:
718 3659 815 3727 unde
838 3677 937 3722 mens
960 3667 1110 3722 statuere
1132 3653 1257 3722 debeat
1555 3625 1565 3646 ⁸
1578 3677 1656 3764 Ge·
1687 3679 1999 3768 Buchlw'zm

271 3774 409 3865 placere
425 3791 460 3836 se
474 3766 567 3848 Deo,
588 3776 626 3834 ut
643 3783 755 3830 crasse
774 3759 921 3851 loquar,
946 3767 980 3824 et
995 3755 1174 3849 quomodo
1199 3753 1258 3820 liat
1973 3833 1975 3836 Ι
2001 3744 2011 3766 ·

157 3929 158 3938 a
271 3869 497 3944 inhabitatio.
556 3863 626 3937 llic
649 3862 802 3938 dicimus,
821 3859 958 3950 placere
987 3851 1169 3928 hominem
1189 3855 1258 3924 fide
1382 3842 1756 3915 M⁸¹¹¹l³l2mee²9⁰⁸tt

273 3987 418 4068 propter
441 3969 672 4039 mediatorem
695 3961 809 4034 Deum
832 3974 864 4029 et
887 3955 1090 4044 bominem,
1131 3971 1165 4034 et
1190 3955 1259 4032 niti

274 4080 379 4148 fidem
400 4097 477 4144 nou
501 4067 557 4140 bis
579 4065 681 4136 novis
702 4063 921 4146 actionibus,
946 4061 1004 4129 sed
1029 4061 1105 4151 ipso
1125 4057 1260 4130 media-

273 4194 362 4251 tore.
413 4171 467 4245 Ac
483 4173 521 4240 in
546 4168 724 4238 infinitum
748 4163 973 4236 anteferenda
992 4177 1043 4232 est
1058 4159 1260 4232 obedientia

274 4275 477 4350 mediatoris
499 4269 556 4343 his
583 4268 796 4348 actionibus,
830 4288 920 4359 quae
952 4263 1042 4333 liunt
1073 4264 1113 4332 in
1146 4261 1262 4338 nobis,
1315 4239 1363 4328 S.
1388 4251 1433 4327 D.
1483 4249 1692 4324 Reverende
1706 4253 1780 4334 vir,
1803 4263 1838 4322 et
1853 4253 1963 4322 amice
1975 4247 2196 4325 charissime:
2220 4249 2276 4323 Oro

275 4379 364 4452 lude
387 4375 531 4448 abducit
553 4367 716 4442 homines
731 4360 936 4452 Osionder,
962 4365 1117 4435 obruens
1138 4363 1262 4457 remis·
1316 4353 1475 4452 qnotidie
1506 4355 1620 4423 filium
1653 4352 1739 4440 Dei,
1769 4351 1964 4424 Dominum
1997 4371 2160 4428 nostrum
2187 4355 2276 4426 lesuu

237 4513 241 4521 ¹
276 4483 429 4566 sionem,
455 4477 504 4546 ita
525 4487 565 4545 ut
584 4475 680 4572 dicat
699 4471 825 4540 laetam
848 4493 921 4538 esse
935 4482 1017 4538 ante
1031 4489 1143 4536 annos
1166 4465 1262 4533 mille
1315 4451 1518 4541 Christum,
1538 4456 1741 4527 crucifixum
1761 4456 1965 4547 pronubis,
1991 4473 2026 4528 et
2049 4461 2277 4536 resuscitatum.

276 4583 506 4678 quingentos:
534 4589 567 4646 et
584 4574 698 4666 places
721 4571 857 4665 inquit,
883 4570 966 4663 quia
991 4569 1186 4660 imputatur
1209 4565 1265 4635 di·
1317 4573 1469 4630 veterem
1487 4559 1589 4628 illum
1604 4558 1716 4627 civem
1725 4555 1914 4642 Samariae,
1937 4583 2042 4652 quem
2060 4561 2151 4631 vidit
2165 4555 2278 4630 inscala

275 4686 424 4768 vinitas,
448 4703 522 4749 non
538 4677 704 4746 meritum
718 4671 939 4743 Mediatoris.
990 4669 1265 4740 Haecsunten-
1317 4674 1467 4734 stantem
1491 4660 1605 4730 viator
1628 4655 1753 4744 Iacob,
1779 4675 1818 4732 ut
1839 4659 1914 4752 ipse
1938 4661 2085 4732 vulnera
2109 4675 2221 4734 nostra
2240 4681 2279 4726 sa-

276 4783 501 4866 thusiastica,
530 4801 618 4874 quae
643 4777 832 4846 obscurant
852 4773 1019 4844 beneficia
1040 4771 1104 4840 lilii
1117 4769 1206 4854 Dei,
1231 4783 1265 4840 et
1318 4776 1394 4843 net,
1418 4775 1452 4832 et
1467 4785 1542 4832 non
1559 4761 1650 4832 sinat
1664 4762 1742 4831 fieri
1756 4763 1907 4832 uraioros
1923 4764 2168 4837 distractiones
2180 4760 2278 4836 Eccle·

278 4889 397 4958 delent
413 4907 530 4952 veram
547 4875 835 4950 consolationem.
880 4874 950 4946 sed
966 4874 1091 4944 omitto
1106 4871 1176 4940 iam
1192 4871 1266 4940 dis-
1318 4866 1461 4940 siarum.
1521 4861 1655 4934 Multas
1687 4864 1837 4936 iniurias
1871 4863 1976 4936 etiam
1999 4881 2180 4958 propterea
2199 4859 2276 4936 dissi

277 4987 518 5082 putationem,
553 5005 658 5076 quam
682 4979 720 5048 in
744 5000 822 5047 mea
843 4976 1073 5065 responsione
1097 4973 1265 5045 recitabo.
1320 4967 1531 5049 mulo,enm
1550 4961 1638 5034 mihi
1654 4991 1728 5062 uon
1744 4966 1861 5038 desint
1876 4991 1984 5040 arma.
2036 4965 2109 5038 Vos
2122 4970 2218 5038 etiarn
2233 4964 2277 5032 ad·

278 5091 436 5162 Tantum
458 5099 492 5157 tc
508 5109 570 5155 oro
588 5093 733 5174 propter
750 5079 861 5148 filium
877 5075 963 5160 Dei,
987 5089 1020 5148 et
1036 5087 1180 5168 propter
1194 5070 1265 5144 Ec·
1321 5065 1444 5137 hortor
1451 5115 1463 5152 ,
1492 5080 1533 5136 ut
1556 5066 1728 5162 inclytum
1751 5065 1953 5160 Principem
1967 5063 2172 5140 Elector-em
2185 5057 2276 5137 Mor·

278 5191 418 5263 clesiam
434 5203 548 5270 tuam,
574 5210 619 5254 ne
634 5197 667 5252 te
690 5207 709 5252 a
731 5203 902 5251 consensu
920 5179 1074 5248 aliorum
1092 5191 1185 5246 recte
1201 5177 1266 5244 do·
1320 5162 1483 5240 ebionem
1518 5167 1645 5253 oretis,
1677 5191 1723 5239 ne
1744 5169 1837 5242 sinat
1864 5169 1921 5239 edi
1945 5171 2090 5260 scripta,
2122 5191 2206 5266 quae
2226 5167 2277 5234 siut

278 5293 434 5365 centium
452 5291 544 5380 apud
561 5311 623 5356 vos
639 5285 809 5371 seiungas.
842 5279 978 5374 ¹Dileri
993 5293 1025 5348 et
1045 5301 1106 5368 rgo
1124 5270 1266 5346 Orion·
1320 5271 1459 5341 classica
1478 5293 1650 5340 novarum
1667 5271 1939 5345 dissensionum.
1990 5271 2030 5344 si
2044 5289 2162 5343 noster
2181 5281 2277 5340 eunus

279 5389 404 5478 dmm,
429 5407 469 5460 nt
486 5403 587 5460 testes
603 5399 687 5456 sunt
707 5383 774 5454 viri
799 5382 941 5473 optimi,
966 5377 1010 5454 D.
1025 5377 1267 5472 Hieronymus
1321 5387 1372 5442 cst
1396 5397 1435 5440 ex
1458 5369 1555 5452 Deo,
1590 5395 1663 5440 non
1684 5373 1826 5442 vincent
1848 5373 2087 5444 cavillationes
2107 5373 2232 5448 sutiles,
2250 5375 2277 5434 ut

277 5495 572 5586 Bomgartnerus,
596 5501 627 5559 et
645 5485 689 5562 D.
708 5484 950 5568 Camerarius,
976 5495 1009 5552 et
1029 5481 1071 5553 D.
1089 5479 1267 5562 Brentius,
1323 5476 1453 5544 multae
1469 5473 1573 5543 nobis
1588 5473 1744 5545 obiectae
1761 5489 1844 5547 sunt
1859 5473 1978 5546 multis
1994 5475 2107 5550 aunis.
2157 5471 2225 5545 Deo
2238 5469 2278 5534 iv·

1314 3995 1526 4082 Reverendo
1544 3999 1636 4086 viro,
1661 3995 1714 4070 D.
1730 3995 1907 4096 Georgi
1916 4025 1936 4070 o
1953 3995 2275 4076 Brachholzero

1466 4113 1526 4179 ete.
1552 4101 1672 4174 amico
1687 4112 1718 4174 et
1726 4101 1853 4204 fratri
1871 4127 1939 4174 suo
1955 4102 2168 4193 carr'ssr'mo,
