4680 6220
100 271 165 348 no
674 215 1113 346 urtsrocanuu
1162 261 1367 342 canat.
1421 263 1554 340 asae.
2058 277 2133 356 130

101 445 190 516 sedes
199 454 399 536 quaerunt,
414 441 515 514 veuit
528 441 572 512 ad
588 433 1095 538 meSrkismuudasUNoo-
1139 434 1393 528 Imperatorem
1413 437 1498 508 inde
1511 462 1634 510 omnes
1650 436 1949 534 concionatores,
1973 448 2038 544 qui
2055 447 2128 524 'au-

103 542 305 638 borgensr's,
323 540 458 618 'doctus
478 559 512 616 et
535 540 705 614 honestus
728 545 799 630 vir,
826 568 909 614 nam
934 558 969 615 ct
992 543 1091 616 solu·
1136 553 1191 609 tea
1207 539 1259 610 ibi
1274 541 1491 623 docueruut,
1507 553 1627 632 captos
1643 556 1676 612 et
1689 544 1728 613 in
1744 549 1974 640 compedibus
1990 553 2129 626 vinctos

108 663 170 720 tam
182 647 398 730 orationem,
423 659 457 715 et
478 669 621 719 carmen
635 669 712 716 non
728 639 871 716 sordide
887 645 1029 733 scribit,
1057 661 1091 718 et
1135 634 1386 732 abduxisse¹).
1453 639 1579 732 Spirae
1611 640 1797 717 inchoabis
1832 645 1923 742 Imp.
1954 649 2127 726 iudicium

115 743 304 820 mathemata
321 747 446 832 callet,
471 770 577 840 seque
602 746 673 818 iam
690 747 846 820 medicae
863 749 947 818 artis
963 738 1089 819 studiis
1136 742 1325 823 Gamerae,
1364 739 1569 813 Vormatiae
1593 745 1726 816 dicitur
1746 748 1861 818 lilium
1884 765 2129 842 expectaturus
2187 797 2190 804 Δ

113 851 215 920 dedere
237 850 359 942 cepit,
407 847 469 942 qui
494 873 575 920 eum
599 847 670 918 sibi
691 846 813 919 locum
836 850 930 920 tradi
953 850 1089 944 petivit.
1134 867 1221 918 csse.
1271 839 1465 914 Ecclesiam
1489 857 1524 914 et
1544 869 1611 915 nos
1631 871 1758 919 omnes
1775 847 1873 922 Deus
1898 860 2126 928 commende-

108 947 177 1022 Cum
199 965 276 1022 tam
304 950 368 1031 diu
391 949 571 1036 neminem
584 949 793 1038 iudicasses,
819 949 992 1046 proficisci
1008 977 1088 1022 eum
1133 968 1224 1020 mus.
1286 943 1378 1018 Cum
1404 968 1616 1036 responsum
1641 949 1791 1042 accipiet
1825 966 1940 1023 vester
1961 953 2127 1046 Senatus,

102 1051 191 1138 iussi,
222 1067 267 1124 ut
290 1038 652 1129 coramvoluntatcm
671 1045 883 1124 Academiae
901 1054 1032 1124 detota
1050 1078 1088 1123 re
1133 1049 1237 1144 quale
1253 1047 1316 1132 sit,
1333 1047 1589 1137 significabitis.
1629 1047 1746 1122 Multa
1761 1054 1863 1124 vobis
1880 1079 2025 1128 narrare
2042 1085 2127 1152 pos-

99 1154 259 1246 exploret.
312 1151 499 1224 Profectus
524 1166 576 1223 est
597 1167 678 1224 ante
696 1155 939 1248 quatriduum.
989 1153 1087 1229 Haec
1132 1174 1226 1236 sem,
1250 1149 1281 1219 si
1304 1173 1376 1219 una
1402 1171 1573 1233 essemus,
1606 1176 1696 1244 quae
1721 1154 1833 1224 literis
1853 1159 2028 1230 committi
2050 1187 2125 1232 non

96 1257 135 1326 ita
157 1283 174 1324 a
197 1281 261 1324 me
289 1254 443 1347 simplici
468 1255 587 1327 animo
612 1269 686 1324 acta
711 1270 813 1338 snut,
841 1281 930 1352 quae
943 1268 984 1326 ut
999 1257 1086 1328 boni
1133 1265 1292 1344 possunt.
1326 1248 1717 1342 Noribergaeedictum
1736 1257 1959 1347 propositum
1978 1274 2125 1333 esttan-

94 1357 252 1426 consulas
267 1347 348 1426 bro.
397 1353 546 1441 Gaudeo
562 1355 695 1428 alicubi
709 1355 950 1428 doctrinarum
970 1359 1085 1428 studia
1132 1369 1207 1424 tum
1223 1355 1267 1422 de
1282 1347 1340 1442 lais
1359 1352 1474 1424 tribus
1492 1354 1617 1436 rebus,
1643 1359 1687 1426 de
1704 1357 1913 1428 adiiciendis
1935 1362 2033 1432 festis
2046 1365 2126 1436 die·

93 1484 253 1545 metuere,
302 1468 338 1530 et
359 1461 622 1529 manst'ua'esse
643 1454 938 1552 spero,'etiamsi
961 1455 1086 1530 iubae
1130 1457 1197 1526 hus
1223 1455 1379 1547 aliquot,
1415 1455 1458 1522 de
1484 1453 1628 1525 ieiuniis
1655 1469 1690 1527 ct
1722 1458 1859 1548 privata
1890 1461 2125 1537 absolutione.

93 1575 243 1630 extrema
269 1559 396 1630 mundi
424 1575 560 1646 senecta
586 1564 691 1630 erunt
714 1559 948 1652 squalidiores
965 1573 997 1630 et
1015 1557 1085 1632 Ec·
1131 1555 1209 1632 Vos
1241 1556 1387 1648 potestis
1420 1568 1601 1647 expectare
1642 1581 1852 1651 responsum
1887 1558 2124 1655 Imperatoris.

93 1663 210 1734 clasiae
240 1675 276 1732 et
299 1659 456 1752 politiae.
516 1657 678 1750 Quantas
702 1662 852 1732 iniurias
878 1663 1021 1734 tulerim
1045 1687 1085 1733 ac
1132 1653 1335 1750 †0ptarim
1353 1669 1469 1726 autem
1487 1671 1521 1728 et
1536 1679 1617 1746 ego,
1641 1672 1681 1728 ut
1704 1661 1971 1733 concionatores
1988 1669 2123 1738 doctri.

92 1763 409 1842 dissimulaverim,
445 1776 591 1854 propter
618 1757 686 1834 hoc
717 1765 982 1860 quaelecunque
1011 1779 1086 1836 stu·
1130 1785 1214 1830 nam
1230 1759 1461 1830 necessariam
1473 1759 1657 1861 perspicue
1671 1774 1706 1830 et
1721 1764 1879 1832 modeste
1897 1766 2049 1838 subinde
2065 1795 2122 1840 re·

91 1867 179 1936 dium
204 1865 418 1937 excitandae
443 1859 709 1958 philosophiae,
735 1866 809 1935 imo
827 1883 861 1938 et
885 1866 1083 1959 explicandi
1129 1875 1289 1954 peterent
1312 1859 1388 1931 sine
1409 1859 1484 1928 ulla
1507 1861 1688 1930 mentione
1701 1862 1787 1932 libri
1802 1857 2022 1954 Augustani,
2047 1867 2121 1941 Im-

91 1961 313 2036 hnrridiores
327 1965 464 2058 aliquas
481 1967 645 2036 materias
659 1961 878 2056 theologicas
895 1969 1000 2038 multi
1017 1993 1084 2047 no,-
1130 1965 1301 2057 peratoris
1316 1977 1350 2034 et
1367 1961 1520 2032 aliorum
1537 1959 1764 2053 Principum,
1788 1977 1822 2033 et
1836 1966 1913 2034 sine
1929 1969 2013 2038 ullis
2033 1996 2120 2042 eon-

91 2072 182 2142 runt.'
237 2065 343 2136 Nunc
359 2069 427 2134 alia
445 2069 589 2137 duriora
606 2069 751 2137 lcrcnda
771 2081 865 2144 sunt.
918 2069 988 2140 Sed
1006 2094 1084 2162 spe·
1129 2065 1240 2136 viciis.
1291 2062 1395 2135 Certe
1413 2064 1565 2132 multum
1583 2063 1785 2136 alienarunt
1799 2066 1998 2138 voluntates
2014 2073 2120 2144 etiam

93 2193 125 2240 ro
138 2169 261 2242 Deum
281 2168 385 2239 nobis
400 2167 644 2256 mitigaturum
661 2177 733 2238 esse
751 2193 948 2243 aerumnas.
986 2167 1083 2256 Bene
1129 2171 1305 2239 bonorum
1328 2180 1399 2238 tam
1419 2167 1539 2235 crebra
1558 2165 1717 2234 convicia
1728 2163 1811 2258 ⁸⁸²).

94 2287 122 2340 et
135 2271 291 2340 feliciter
307 2270 395 2339 vale.
449 2269 550 2340 Deus
564 2285 727 2342 aeternus
749 2287 849 2362 pater
862 2273 1000 2342 doruini
1017 2298 1084 2342 no.
1227 2263 1516 2351 adolescentem,
1542 2255 1819 2338 Canttoaratae
1843 2270 1974 2356 lilium,
1988 2275 2119 2354 ¹remisi

96 2373 148 2442 stri
170 2371 253 2442 lesu
270 2367 406 2440 Christi
431 2385 546 2440 servet
571 2387 603 2442 te
628 2386 662 2442 et
684 2369 879 2442 Ecclesiam
901 2387 999 2444 tuam
1018 2377 1084 2444 do·
1129 2369 1166 2438 in
1181 2367 1359 2454 Patriam,
1382 2381 1415 2438 et
1433 2369 1477 2436 ad
1495 2365 1636 2438 Patrem
1651 2371 1795 2460 scripsi,
1820 2381 1854 2440 et
1870 2372 2023 2442 rationes
2038 2373 2121 2446 lite-

96 2475 280 2542 mesticam.
332 2469 501 2542 Calendis
525 2471 705 2564 Septemb.
757 2471 797 2545 si
819 2469 1085 2567 Sigismundus
1128 2471 1177 2542 ris
1199 2471 1341 2546 inclusi.
1394 2467 1591 2551 Videbam,
1618 2494 1699 2539 eum
1725 2471 1823 2542 nolle
1846 2472 1885 2540 in
1908 2497 1982 2542 uno
2006 2489 2040 2547 et
2062 2477 2121 2546 in-

99 2577 247 2646 oblatum
278 2596 410 2642 munus
443 2598 517 2642 nou
552 2575 712 2668 accipit,
744 2590 806 2645 tuo
840 2577 954 2647 amico
988 2579 1084 2648 dele·
1128 2568 1254 2647 choato
1270 2572 1387 2642 studio
1405 2571 1598 2644 immorari.
1624 2567 1721 2641 Haec
1739 2571 1863 2644 levitas
1878 2576 1989 2666 magis
2005 2578 2122 2646 offen-

104 2699 215 2752 remus.
928 2752 932 2763 ¹
1128 2675 1182 2745 dit
1195 2699 1273 2760 me,
1298 2698 1404 2768 quam
1421 2673 1558 2766 reliqua
1575 2673 1651 2742 eius
1665 2673 1770 2754 vitia,
1797 2697 1886 2767 quac
1910 2677 2039 2767 corrigi
2053 2703 2120 2770 po-

661 2771 837 2868 Philppus
859 2775 1036 2856 Melantb.
1129 2778 1296 2862 tuissent,
1322 2775 1353 2844 si
1376 2775 1498 2846 luisset
1512 2774 1702 2847 studiosus.
1753 2773 1860 2845 Nunc
1883 2778 1985 2847 vobis
2007 2781 2119 2850 ratio-

1129 2901 1190 2948 nes
1215 2880 1339 2958 mitto,
1373 2877 1412 2947 iu
1434 2876 1565 2970 quibus
1586 2877 1790 2946 adolescens
1814 2899 1878 2948 sua
1900 2902 2008 2950 manu
2030 2883 2119 2950 scri-

185 2959 363 3036 Forsterr'
374 2963 597 3036 tabellarium
615 2963 696 3033 misi
711 2965 754 3033 ad
763 2957 967 3065 Ascanium
976 2965 1082 3038 Prin·
1104 3047 1105 3050 ,
1127 2979 1198 3070 psit
1220 2979 1427 3072 pecuniam,
1459 3001 1566 3072 quam
1590 2978 1623 3046 ei
1649 2977 1742 3050 dedi.
1794 2972 1872 3070 Ego
1895 3003 1973 3052 mea
1994 3006 2117 3067 mauu,

96 3065 232 3158 cipcm.⁴
263 3061 314 3138 Et
335 3079 454 3136 tamen
474 3067 507 3134 ei
530 3079 663 3136 certum
689 3065 807 3136 locum
822 3067 992 3142 indicavi.
1045 3070 1081 3140 Si
1128 3104 1218 3176 quae
1230 3106 1251 3150 a
1269 3082 1373 3150 nobis
1387 3079 1516 3170 accepi,

94 3171 181 3240 volet
196 3169 401 3260 gubernare
417 3164 613 3238 Ecclesiam
622 3159 1010 3262 Ravcnsburgensem,
1025 3195 1083 3239 ac·
1230 3180 1372 3272 Quibus
1397 3203 1459 3270 ego
1484 3181 1524 3248 in
1546 3179 1715 3272 periculis
1730 3182 1816 3264 sim,
1838 3184 2042 3254 ratiocinari
2065 3188 2120 3256 fa..

91 3271 175 3341 cersi
201 3295 286 3340 eum
307 3271 352 3340 ab
379 3270 454 3340 eius
478 3269 577 3338 urbis
599 3268 734 3339 senatu
762 3273 975 3345 curabimus.
1024 3270 1081 3344 Tu
1124 3267 1373 3374 eite'potestis.
1425 3279 1537 3378 {Nunc
1561 3277 1631 3351 hoc
1656 3283 1806 3368 accedit,
1835 3287 1930 3377 quod
1958 3283 2119 3356 Iatebios

89 3375 172 3466 quid
195 3371 423 3464 responderis
454 3371 542 3439 scire
567 3371 681 3462 cupio.
733 3369 906 3442 Fortassis
931 3375 1025 3442 enim
1050 3385 1084 3443 et
1128 3385 1233 3454 etiam
1256 3373 1522 3454 Marchioaem
1546 3385 1715 3452 adversus
1735 3407 1792 3452 me
1816 3387 1987 3460 accendit,
2046 3387 2118 3460 sed

88 3471 273 3570 Philyram
289 3475 441 3564 appetit,
467 3483 509 3540 ut
524 3471 637 3540 multi.
689 3467 906 3544 Mathcsc'us
923 3476 971 3545 ait
993 3500 1029 3544 se
1045 3477 1082 3544 in
1129 3485 1202 3574 Dea
1225 3478 1523 3568 ma'pommendo.
1574 3481 1767 3574 Tantisper
1791 3487 1967 3578 monebo,
2002 3489 2116 3558 donec

86 3571 140 3646 bis
156 3575 366 3672 praesertim
383 3571 598 3644 tumultibus
614 3597 687 3642 nou
705 3575 939 3646 discessurum
967 3601 1040 3670 esse
1056 3601 1082 3646 ‘a
1128 3589 1271 3670 videor,
1301 3601 1482 3678 utcunque
1510 3605 1612 3676 posse
1635 3607 1801 3670 manere,
1836 3587 2014 3678 quianon
2041 3591 2117 3660 siue

88 3701 146 3748 sua
167 3675 337 3750 Ecclesia.
386 3671 525 3748 Literas
543 3674 617 3744 eius
636 3673 749 3750 mitto.
800 3675 909 3748 Plura
928 3703 1057 3754 coram.
1128 3689 1344 3780 gravissimis
1364 3687 1477 3776 causis
1500 3685 1720 3755 occasionem
1736 3685 1959 3778 dissipationi
1977 3686 2117 3762 scholae

407 3776 410 3784 ’
456 3782 460 3795 ’
529 3776 554 3796 ”
596 3789 607 3802 ”
770 3781 776 3796 ’
1129 3790 1207 3860 ‹lari
1236 3791 1358 3864 velim.
1417 3787 1488 3859 Sed
1523 3780 1592 3880 boc
1625 3811 1766 3882 quoque
1792 3793 2003 3862 commendo
2030 3791 2118 3879 Deo,

958 3982 961 3991 1
1129 3917 1235 3986 quem
1265 3915 1340 3962 non
1370 3891 1514 3985 dubito,
1546 3889 1729 3983 aliquanto
1756 3903 1835 3982 post
1854 3891 1931 3962 lore
1958 3891 2117 3964 iudicem

1130 3991 1256 4068 harum
1275 3992 1608 4064 controversiarum.
1715 4049 1722 4062 ,

86 4103 285 4182 Νο.484ἳ.
763 4139 780 4185 ,·
915 4073 1100 4199 ”ι,’3μι,,·
1229 4093 1369 4166 Rursus
1390 4095 1427 4162 in
1449 4089 1617 4182 Angliam
1638 4108 1782 4164 vocatus
1804 4119 1895 4168 sum.
1948 4094 1990 4166 ln
2013 4091 2115 4190 Paga

93 4201 267 4234 *Ν
487 4239 493 4250 ·
577 4245 604 4276 ,·
750 4243 755 4263 ·
947 4211 1099 4285 ΨΥ
1130 4199 1235 4268 breve
1259 4191 1477 4288 colloquium
1502 4195 1571 4288 fuit
1593 4197 1637 4262 de
1662 4193 1826 4268 Articulo
1844 4195 2118 4282 lustificationis,

323 4290 328 4299 ⁸
362 4305 434 4392 M,
464 4290 816 4426 Meienhurffloss,
915 4394 919 4404 Ι
963 4382 978 4397 Ι,
1018 4386 1033 4406 μ
1053 4320 1065 4404 ⁴.
1125 4296 1192 4394 ,ubi
1215 4292 1372 4370 intellexi
1395 4297 1440 4366 ab
1459 4291 1655 4386 Hispanico
1680 4293 1856 4367 monacho
1887 4299 2116 4388 depravatum

927 4445 933 4460 ·
981 4447 986 4458 ·
1058 4443 1066 4462 .
1122 4401 1202 4469 'esse
1226 4417 1347 4469 contra
1373 4397 1525 4467 aliorum
1549 4397 1778 4468 voluntatem.
1831 4395 1931 4468 ldem
1950 4395 2118 4470 ctMar-

156 4463 572 4612 lillllbaldfiit‘fi‘tz
593 4467 913 4616 ciiiiliiiisissi‘
928 4471 1101 4616 ‘iiiiii
1129 4496 1210 4609 clio
1227 4513 1371 4594 questus
1386 4513 1448 4573 est.

187 4605 254 4658 ..tn
268 4615 395 4676 appareat
410 4623 442 4659 ex
455 4614 636 4688 argomento,
654 4624 713 4662 eam
727 4608 818 4680 potior
832 4608 859 4700 t.
877 4614 908 4692 t..
929 4611 1081 4690 quaeci-
1230 4594 1501 4690 Dn.Doctorem
1512 4605 1758 4684 Mandatum
1769 4613 1902 4708 placari
1917 4609 2008 4690 mihi
2022 4630 2118 4708 opto.

186 4685 369 4760 ΝΜ,
537 4722 540 4734 ·
881 4699 887 4712 ’
1128 4720 1202 4814 Cur
1225 4743 1264 4790 ex
1289 4717 1351 4786 illa
1374 4713 1565 4810 epistola³)
1589 4739 1663 4786 nou
1688 4730 1879 4808 excerpunt
1902 4715 1973 4784 alia
1997 4731 2119 4788 contra

261 4902 267 4914 ,
296 4890 300 4898 .
322 4825 472 4910 Mieh.
497 4798 831 4929 Mcieuburgio
1048 4855 1075 4914 '.
1099 4866 1102 4879 ·
1126 4809 1347 4906 aduersarios
1363 4817 1481 4890 dicta?
1531 4811 1580 4886 Et
1598 4817 1853 4906 ignoscendum
1869 4829 2036 4890 eratmeo
2053 4823 2118 4890 do-

93 4967 125 5054 S
163 4981 197 5054 ῃ
267 4962 618 5054 Honesfissqme·vfr
653 4999 687 5054 et
719 4986 841 5056 amica·
865 4957 1073 5058 pharasim
1126 4923 1215 5020 lori,
1238 4922 1540 5016 pracsertimcum
1557 4940 1619 5008 ego
1639 4933 1759 4990 nostra
1782 4919 1876 4990 mala
1899 4919 2027 4990 melius
2050 4947 2118 4992 no-

92 5079 155 5152 net
179 5083 352 5155 beneficio
373 5086 468 5168 ‘recte
490 5079 722 5170 rabilibus,
748 5087 913 5160 etdiscit.
964 5085 1082 5159 Hodie
1127 5105 1348 5122 ””-·-““·

92 5181 364 5256 mihi'n'arralit
385 5185 562 5280 quispiam
583 5201 677 5258 reela
706 5189 854 5260 veniens
887 5213 927 5261 ex
950 5173 1083 5276 Uimi,
1163 5211 1189 5278 l)
1206 5207 1304 5264 Totam
1319 5209 1379 5261 reni
1391 5201 1769 5276 prottrenameustetdarm
1784 5201 1968 5260 iucommcnt
1983 5201 2120 5276 pblfisq.

1159 5295 1189 5364 2)
1206 5293 1293 5375 Addit
1304 5291 1400 5357 Α.Ι).,
1415 5287 1717 5362 qaae,curSaubertus
1732 5305 1788 5344 noa
1802 5289 1933 5354 ediderit,
1951 5289 2032 5345 facile
2042 5291 2120 5363 quir·

124 5437 153 5508 'l
172 5379 394 5498 &hertb'tl'ssb
856 5423 864 5432 ⁸
1162 5363 1753 5520 SJqddliilildridum,d28.,Apr.1548.

96 5511 269 5586 unirer.
292 5519 397 5587 Orxr.
421 5517 507 5587 Vm..
520 5519 595 5588 Vll.
1162 5523 1167 5532 '
1190 5539 1194 5551 ’
1386 5517 1424 5589 9‘
1447 5519 1451 5536 '
