4614 6226
70 331 146 412 sar
661 325 1123 439 urrsrouanun,
1146 323 1254 406 ms.
1286 317 1364 410 xt'
1411 332 1546 416 asco.
2049 281 2146 435 aaa

73 529 182 602 ρος...
235 502 308 580 sed
330 499 416 578 nolo
438 497 567 580 haram
589 503 778 598 mpioumn
798 497 976 593 Ecclesiae
997 515 1076 578 tur-
1129 493 1411 578 commendaturi
1435 531 1586 582 eramus.
1636 509 1707 586 Sed
1730 519 1873 593 monuit
1902 545 1959 595 roe
1979 516 2127 600 Paulus

74 610 286 703 infidum
300 609 333 680 ei
346 607 510 680 Pastores
528 609 764 704 pellerentur,
788 631 934 700 prorsus
945 607 1074 678 liment
1125 615 1265 692 noster,
1296 607 1397 699 prius
1426 609 1594 684 nidulum
1624 619 1894 696 attribuendum
1917 650 1991 699 esse
2013 625 2128 705 Nao-

79 723 203 797 ωε,
237 725 280 783 „t
299 713 346 785 ,d
359 705 542 795 ,Rham
563 726 601 790 ,2
621 711 667 786 ad
687 704 911 786 Naccharum
933 707 1074 782 accidit.
1124 700 1362 808 bargoma),
1386 716 1619 808 quemuobis
1638 726 1915 815 commendasti,
1940 729 2025 825 quia
2049 757 2127 806 ma·

82 817 130 888 Da
140 809 361 908 adiaphoris
377 813 460 886 ideo
474 815 596 888 minus
607 811 876 900 contendimus,
900 813 985 907 quia
1001 811 1071 884 alia
1121 806 1214 884 situs
1235 823 1336 888 esset.
1387 813 1448 886 Sic
1471 811 1671 910 Torgenses
1691 825 1737 894 ad
1760 847 1818 898 me
1842 830 1998 906 scribent
2042 861 2125 909 cum

82 918 208 990 maiora·
226 916 422 989 cemma
445 915 679 1004 sustinemus,
704 916 750 986 d,
773 910 886 988 Ma„
893 965 905 1002 ,
924 913 965 986 ῑῃ
989 913 1070 1008 qui.
1120 903 1328 1011 Marcus²)
1343 939 1384 986 ex
1398 909 1464 988 hac
1481 921 1624 992 mortali
1640 924 1712 998 vita
1727 928 1772 998 ad
1789 912 1967 1004 aeternam
1983 885 2126 1012 slholae

78 1025 133 1090 hm
147 1020 291 1092 utinam
306 1019 421 1119 nostri
438 1043 512 1090 uon
529 1018 759 1091 stabiliisseut
773 1041 924 1092 nervum
942 1015 1070 1088 Ponti·
1121 1016 1416 1088 cousuetudinem
1440 1019 1612 1092 adductus
1633 1039 1704 1114 est,
1727 1023 1827 1102 huuc
1842 1028 2053 1110 Sturionern
2073 1041 2123 1112 cis

76 1123 230 1195 lciorum
253 1122 415 1192 erronem
438 1126 473 1192 et
489 1117 698 1193 Pontificiae
719 1119 909 1212 potentiae.
959 1115 1068 1189 Prae-
1119 1119 1389 1193 commendabo.
1427 1119 1482 1192 De
1498 1117 1657 1197 Ecclesia
1673 1141 1707 1199 et
1723 1135 1902 1207 academia
1919 1141 2043 1213 andire
2057 1169 2124 1236 po·
2218 1151 2223 1160 “

74 1243 161 1296 terea
182 1223 328 1318 alioqui·
341 1218 478 1294 retenta
501 1239 585 1296 sunt
606 1217 815 1318 Adinpbora
836 1219 1005 1318 pleraque
1027 1219 1067 1288 iu
1120 1217 1206 1288 teris
1224 1214 1455 1304 Marionem,
1481 1224 1581 1296 cuius
1608 1229 1833 1319 prudentiam
1855 1252 1889 1311 et
1912 1239 2018 1312 iidem
2037 1269 2121 1336 pro-

70 1325 195 1400 Μή,
213 1323 404 1400 Masi„
450 1319 690 1410 013201010,
722 1321 949 1396 musordiam
972 1323 1067 1393 inter
1117 1317 1254 1394 bamus.
1304 1319 1379 1393 Nec
1400 1325 1584 1398 doctrinae
1608 1354 1672 1400 uec
1692 1335 1827 1408 rituum
1855 1345 2004 1414 mutatio
2026 1347 2121 1420 facta

70 1455 127 1501 vos
142 1445 325 1516 tueamur,
340 1441 566 1520 nerpropter
581 1421 789 1518 Adiaphora
806 1425 982 1497 internos
997 1421 1065 1516 ip'si
1117 1431 1186 1506 est,
1211 1435 1247 1494 et
1267 1425 1385 1495 studia
1406 1425 1591 1500 literarum
1610 1429 1680 1502 Dei
1699 1437 1871 1512 beneficio
1891 1445 2119 1521 mediocriter

70 1533 286 1604 dimicemus.
338 1527 436 1600 Bune
454 1543 490 1602 et
504 1528 655 1602 feliciter
670 1529 760 1602 tale.
812 1523 1065 1600 Omninocol-
1116 1519 1259 1602 llorent.
1308 1523 1496 1600 Postulaut
1519 1553 1541 1601 a
1563 1531 1669 1604 nobis
1690 1535 1804 1634 aliqui
1820 1541 1860 1612 in
1877 1545 1982 1620 rebus
1997 1549 2120 1624 minu-

71 1634 163 1732 loqni
177 1648 299 1706 tetum
315 1632 470 1708 decrevi.
500 1629 592 1702 'Dio
603 1629 666 1706 aa
686 1627 823 1701 Martii.

577 1729 773 1825 rnntppas
787 1726 1014 1806 Melanthea.

898 2106 954 2173 81.
969 2067 1060 2162 lllert.

882 2180 1055 2217 W&

376 2263 379 2271 ¹
410 2271 477 2404 lo.
506 2270 735 2397 Stipelc'o.
793 2288 797 2299 '

117 2445 202 2503 ⁰¹³⁸·
218 2457 283 2513 ne
297 2438 330 2496 ἡ
344 2435 442 2510 sled·
454 2451 498 2510 ec·
511 2435 556 2496 ⁸⁶»
579 2433 649 2503 Cel
661 2431 747 2502 Gall·
762 2430 825 2504 ies.
837 2447 881 2504 n·
897 2430 958 2499 105.

69 2595 286 2676 Clarissimo
304 2595 402 2680 viro,
427 2585 631 2666 eruditione
650 2599 682 2664 et
700 2589 829 2661 virtute
838 2583 1061 2690 praestanti,

76 2701 124 2774 D.
148 2699 323 2772 loanni
344 2691 576 2799 Sligelio,
601 2686 657 2791 ’τῷ
676 2693 756 2789 Θεῷ
769 2687 835 2765 ’καὶ
848 2693 931 2774 ταῖς
946 2683 1060 2790 Μού-

156 2829 230 2888 oure
246 2793 434 2902 φιλτάτῳ,
454 2793 583 2898 fratri
597 2822 665 2870 suo
681 2787 837 2866 chariss.
862 2791 899 2865 S.
914 2791 958 2866 D.

71 2939 341 3029 clarisssimo
362 2950 480 3025 caries.
498 2949 619 3022 irater.
674 2944 756 3017 llos
781 2943 859 3024 die,
895 2942 1060 3014 videlieet

70 3059 189 3132 ultimo
213 3053 359 3136 Martii,
379 3049 633 3146 Hieronymus
666 3045 930 3130 stridonensis,
962 3067 1058 3113 anno

74 3157 134 3252 l·-
150 3155 258 3254 ¹¹)-
270 3158 318 3228 ob
332 3157 456 3227 ocche
467 3168 565 3227 sunt.
606 3150 850 3232 Necslubito,
866 3169 970 3218 curae
985 3167 1060 3215 esse

73 3259 138 3332 Deo
155 3261 335 3353 captivum
348 3253 565 3350 Principem.
613 3249 695 3325 Oro
717 3267 834 3330 autem
851 3250 971 3322 Deum
994 3271 1060 3320 ned

72 3365 217 3444 bissum,
243 3375 284 3434 ut
305 3373 340 3432 et
354 3358 539 3452 Principes
562 3369 598 3427 et
620 3368 674 3441 te,
700 3369 735 3427 et
757 3348 1059 3424 honesstissimam

73 3467 250 3558 coniugem
274 3475 391 3544 mam,
422 3454 918 3532 esanburnam-familiam
945 3463 1060 3522 servet

74 3565 269 3642 incolumes.
320 3561 392 3635 Pro
413 3563 617 3634 assiduitate
642 3573 703 3630 tua
728 3555 1000 3639 inscribendo,
1026 3565 1062 3626 et

74 3669 180 3741 missis
201 3667 434 3751 carminibus,
465 3687 530 3756 ago
555 3661 696 3754 gratias.
746 3658 856 3738 Brevi
879 3655 1062 3730 mittemus

65 3761 267 3841 Ptolemaei
276 3769 434 3864 primum
449 3767 594 3840 librum.
644 3761 743 3834 Bene
762 3761 849 3836 vale.

361 3873 366 3893 ¹
393 3872 457 3942 '⁴2¹
480 3904 484 3914 ·
522 3870 540 3895 ’ἵ
563 3858 1011 3959 ”ΡῘιίἱῖρριιἐΜε13ῐιῑὴοιι.

408 4407 466 4525 Ν.
492 4407 716 4496 Medlero.

130 4573 154 4628 E
170 4534 233 4634 soll.
247 4573 345 4630 bavar.
361 4571 467 4632 tottt.
485 4591 512 4646 p.
527 4566 669 4628 medita
686 4561 803 4624 allans.
817 4565 846 4620 in
861 4531 1060 4642 epp-deedl.

164 4661 206 4715 ep.
220 4643 279 4717 ἥ,
297 4659 372 4700 nune
382 4661 413 4697 es
425 4641 487 4740 eod.
503 4639 565 4698 cod.
577 4637 725 4714 descripta.

232 4822 235 4835 ¹
302 4796 356 4874 D.
381 4793 591 4874 Nicolao
615 4789 828 4870 Medlero

54 4927 109 5020 S·
134 4951 182 5030 D.
231 4949 443 5028 Reverendo
460 4951 517 5020 vir
539 4961 574 5022 et
597 4947 708 5019 amice
729 4943 920 5018 carissime.
968 4938 1061 5014 Ani-

51 5057 262 5148 madeant,
288 5053 480 5128 nousolum
499 5049 701 5124 eruditione
727 5047 906 5142 praeclare
927 5045 1062 5116 instru-

51 5161 158 5228 ctum
182 5177 257 5232 esse
279 5154 510 5244 Sturionem,
544 5153 606 5224 sed
636 5149 742 5224 etiam
768 5149 932 5220 eximiam
958 5148 998 5216 iu
1021 5171 1062 5217 eo

48 5263 291 5338 prudentiam
319 5284 407 5331 esse.
467 5255 520 5330 Ac
549 5251 706 5329 scholam
743 5249 776 5321 ei
810 5241 1062 5322 Olsnt'cansem

54 5417 295 5450 “z-...a-

91 5513 132 5584 ἦ
146 5515 317 5574 &uiderunt
327 5515 373 5573 lais
382 5512 527 5589 quatiam.

916 4231 947 4292 1.
964 4221 1046 4306 Apa.

1116 1619 1223 1745 tis'³);
1275 1621 1380 1701 Certe
1394 1629 1438 1700 de
1454 1632 1592 1724 magnis
1613 1633 1720 1710 rebus
1740 1643 1911 1718 acerrima
1924 1653 2116 1726 certamina

1115 1739 1346 1816 sustmemus,
1378 1731 1415 1803 in
1438 1733 1569 1828 quibus
1593 1736 1733 1810 utinam
1756 1743 1803 1816 ab
1826 1745 1906 1818 aliis
1928 1751 2116 1827 adiuvare-

1115 1849 1207 1903 mur.
1256 1829 1364 1902 Mitto
1389 1833 1455 1904 tibi
1478 1837 1631 1928 pagellas
1653 1863 1735 1913 meo
1764 1869 1876 1922 more.
1927 1849 2014 1926 Post
2027 1881 2117 1946 pau-

1115 1951 1174 2000 eos
1191 1929 1267 2001 dies
1284 1933 1455 2006 missurus
1469 1937 1626 2030 primum
1648 1937 1782 2016 librum
1796 1943 1959 2048 μεγάλης
1976 1954 2115 2032 evacii.

1115 2033 1203 2114 ξεως
1224 2031 1437 2124 Ptolemaei,
1456 2039 1530 2134 *qul
1559 2062 1681 2132 graece
1707 2059 1741 2116 et
1766 2049 1877 2122 latine
1904 2057 2040 2146 editur,
2074 2077 2115 2134 ut

1114 2135 1274 2206 enarrari
1295 2135 1334 2206 in
1359 2127 1479 2211 schola
1501 2143 1624 2233 possit.
1682 2141 1781 2222 Bene
1803 2154 1891 2230 vale.
1942 2157 2114 2234 Kalendis

1004 2282 1006 2288 .
1113 2232 1250 2327 Aprilis
1276 2235 1387 2318 1649.

1124 2449 2107 2498 Q

1111 2609 1178 2686 No.
1197 2608 1311 2688 4511.

1117 2708 1290 2742 Μ

1954 2643 1989 2704 2.
2005 2635 2084 2722 Apr.

1936 2729 2110 2760 Μ

1336 2793 1533 2886 Allecto
1561 2801 1689 2892 Deci
1719 2805 1871 2899 Pastas.

1179 2937 1258 2999 Edita
1269 2959 1285 2998 a
1297 2933 1387 2998 estro
1400 2939 1431 2995 in
1446 2939 1525 3014 epist.
1539 2959 1567 3016 p.
1582 2945 1641 3002 156.
1657 2965 1703 3023 ep.
1718 2947 1776 3005 tn·
1802 2940 1805 2948 ’

1331 3088 1530 3168 Alberlo
1554 3093 1661 3177 Daci
1680 3099 1891 3186 Berusss'ue

1111 3222 1159 3310 S.
1183 3231 1230 3311 D.
1282 3235 1523 3315 lllustrissime
1555 3259 1591 3319 et
1623 3248 1895 3327 clementissime
1929 3256 2110 3358 Princeps,

1110 3335 1189 3411 Eut
1211 3353 1334 3412 noster
1352 3338 1469 3430 Civis,
1495 3343 1756 3444 Typographus
1770 3348 1833 3450 *),
1858 3359 1915 3429 vir
1939 3355 2109 3438 honestus

1111 3455 1147 3513 et
1167 3441 1319 3532 integer,
1355 3465 1498 3516 narrare
1520 3450 1651 3544 poterit
1675 3456 1755 3548 quis
1777 3457 1824 3528 sit
1845 3473 1955 3532 status
1980 3460 2108 3538 harum

1112 3542 1460 3634 regionum,.tamen
1474 3548 1595 3632 literas
1612 3551 1645 3622 ei
1659 3555 1761 3644 dedi,
1786 3572 1825 3630 ut
1848 3563 2109 3642 observantiam

1111 3667 1227 3715 meam
1241 3643 1455 3718 Celsitudini
1469 3663 1607 3724 vestrae
1624 3660 1857 3734 ostenderem.
1895 3689 1935 3737 ac
1952 3669 2109 3758 primum

1112 3747 1270 3836 significo
1285 3746 1500 3822 Celsitudini
1516 3761 1668 3844 vestrae,
1686 3763 1848 3838 nondum
1866 3765 1905 3837 in
1916 3767 2032 3866 Mysia
2048 3789 2111 3847 aut

1112 3843 1273 3920 Matthia
1295 3851 1479 3926 doctrinae
1501 3867 1562 3928 aut
1585 3858 1726 3932 lituum·
1741 3866 1977 3942 mutationem
1998 3875 2111 3947 ullam

1111 3951 1345 4038 lamamesse,
1371 3956 1437 4026 etsi
1457 3959 1607 4031 consilia
1626 3963 1835 4038 mutationis
1858 3971 1954 4043 varia
1976 3975 2111 4050 tentata

1110 4067 1206 4174 suut.
1258 4049 1434 4126 Murcht'o
1456 4053 1601 4162 Elector
1620 4071 1807 4158 proposuit
1826 4095 1970 4146 suarum
1985 4073 2110 4149 Eccle-

1111 4176 1245 4224 starum
1260 4159 1462 4247 pastoribus
1475 4152 1582 4233 aimbl
1597 4183 1632 4236 et
1648 4165 1780 4250 librum
1790 4165 2058 4265 Augustarum,
2075 4193 2109 4252 et

1112 4279 1196 4327 suas
1216 4260 1387 4352 quasdam
1409 4259 1679 4340 declarationes.
1726 4269 1890 4346 Pastores
1914 4281 2109 4372 respoude-

1112 4372 1197 4430 runt
1216 4381 1254 4430 se
1275 4383 1350 4431 non
1373 4363 1545 4436 adsentiri
1568 4367 1662 4440 libro
1678 4362 1886 4462 Augustano
1907 4381 1969 4452 sed
1990 4405 2109 4453 serva·

1111 4473 1212 4579 turus
1233 4481 1307 4532 esse
1321 4464 1583 4537 ordinationem
1601 4494 1708 4564 quam
1731 4465 1899 4550 hactenus
1913 4497 2111 4568 servarunt,

1111 4563 1159 4632 ab
1179 4585 1259 4654 apso
1279 4565 1440 4656 principe
1467 4581 1549 4638 ante
1569 4589 1684 4641 annos
1713 4575 1851 4672 aliquot
1875 4585 2107 4678 propositum.

1111 4661 1190 4734 Hae
1209 4665 1439 4758 responsione
1456 4663 1638 4740 Marcht'o
1660 4669 1805 4750 Elector
1834 4703 1932 4755 nunc
1963 4687 2109 4780 quidem

1113 4777 1299 4836 contentus
1315 4779 1379 4837 est.

1213 4865 1421 4938 Pastoribus
1435 4867 1475 4939 in
1489 4874 1619 4945 ducatu
1636 4875 1811 4953 Saronico
1832 4887 1994 4960 nondum
2016 4881 2110 4962 nona

1114 4969 1278 5040 mandata
1296 4969 1475 5064 proposita
1490 4989 1585 5049 stant.
1620 4975 1823 5054 Consiliarii
1839 5009 1919 5060 suas
1939 4995 2109 5086 quasdam

1150 5253 1175 5316 l)
1194 5249 1213 5306 i.
1225 5269 1247 5306 e.
1261 5249 1395 5306 Meleltc‘or·
1408 5254 1555 5314 narratae.
1570 5257 1654 5328 (Nola
1667 5259 1785 5335 masal.)

1148 5337 1178 5402 2)
1198 5335 1216 5391 i.
1230 5357 1254 5396 o.
1267 5337 1382 5396 Morem
1392 5339 1553 5402 Krodelius.
1570 5345 1652 5412 illota
1666 5347 1786 5421 llsvsri.)

1151 5423 1179 5492 l)
1198 5421 1414 5481 Praetermisisse
1427 5423 1472 5486 bie
1484 5429 1617 5500 quaedam
1630 5433 1737 5491 ridetur
1751 5436 1875 5499 saraam.

1152 5507 1184 5576 ²⁸)
1202 5505 1319 5564 loltaun.
1332 5505 1404 5566 Lura

1284 5577 1372 5654 Μ’
