4522 6204
201 297 277 372 eor
799 283 1238 366 urrsrocanon
1296 290 1674 370 o1s.x11.1sso.
2131 305 2186 378 or.

204 477 324 542 dextre
352 464 551 558 intelligere
575 464 716 538 nolunt.
767 461 901 554 Magna
928 475 979 532 est
1000 461 1096 530 enirn
1122 460 1199 557 Ty·
1352 461 1455 534 Hanc
1476 470 1586 536 totam
1601 463 1824 554 diligentiam
1845 475 1881 536 et
1894 458 2191 556 hasadroonitioues,

204 573 328 646 raonis
340 593 469 664 pravae
486 567 770 651 consuetudinis,
784 579 819 637 et
833 565 982 636 omnino
997 587 1119 634 verum
1137 576 1199 648 est,
1251 564 1316 636 etsi
1331 566 1404 636 scio
1420 567 1613 658 vituperari
1629 590 1650 636 a
1665 567 1897 659 quibusdam,
1912 580 2022 640 tamen
2036 595 2120 665 spero
2132 575 2193 662 tibi,

206 677 304 770 quod
332 672 451 766 inquit
475 668 697 741 Aristoteles:
749 663 790 737 oi
812 657 1006 760 ἀκροάσεις
1031 659 1198 737 κατὰτὰ
1252 663 1431 754 Arnolde,
1463 681 1498 738 et
1519 668 1619 753 aliis,
1645 668 1709 762 qni
1728 681 1822 738 recte
1844 681 1880 740 ct
1902 672 2042 742 candide
2062 673 2196 762 iudicant,

208 777 281 870 ἔθη
314 767 602 878 συμβαίνουσιν.
646 765 698 851 ὥς
729 763 805 868 ydp
834 760 1043 858 εἰώθαμεν,
1081 761 1201 847 missor
1253 769 1408 862 probari,
1424 769 1600 840 actalium
1613 771 1773 840 virorum
1788 769 1921 840 iudicia
1935 773 2044 864 potios
2056 781 2196 868 sequenda

210 877 386 970 ἀξιοῦμεν
399 870 584 972 λέγεσθαι.
1253 893 1327 941 esse
1356 884 1490 954 statuo,
1531 895 1637 962 quam
1667 871 1726 940 vel
1756 871 1997 958 indoctorum,
2027 877 2082 968 qui
2107 877 2197 948 literas

311 975 432 1068 Quare
456 975 640 1045 latendum
663 985 731 1055 est,
764 971 998 1041 necessariam
1019 991 1092 1040 esse
1115 969 1201 1038 dili·
1254 995 1377 1044 omnes
1391 997 1432 1043 ex
1450 970 1608 1042 Ecclesia
1624 973 1744 1066 pulsas
1760 995 1833 1042 esse
1848 975 1995 1059 vellent,
2017 973 2198 1072 velerrho·

210 1080 365 1172 gentiam
383 1090 477 1147 recte
498 1073 733 1164 cognoscendi
754 1093 969 1156 sermonem,
1003 1086 1038 1142 et
1058 1071 1201 1165 quidem
1254 1073 1395 1143 niorurn
1412 1075 1657 1168 quorundam,
1684 1075 1746 1167 qui
1765 1075 1908 1144 vincula
1931 1077 2052 1148 artium
2072 1079 2202 1158 oderunt,

211 1181 416 1255 retinendae
439 1175 685 1269 proprietatis,
709 1199 777 1268 qna
800 1175 839 1242 in
858 1198 897 1243 re
920 1195 1010 1266 quae
1033 1171 1079 1242 sit
1098 1167 1201 1242 adhi-
1254 1189 1289 1246 et
1304 1175 1478 1246 infinitam
1492 1176 1562 1244 sibi
1578 1176 1756 1246 licentiam
1773 1177 1919 1248 concedi
1935 1179 2072 1258 volunt,
2086 1181 2203 1249 ludendi

211 1284 327 1355 banda
344 1279 551 1358 dexteritas,
576 1277 683 1348 etiam
699 1277 754 1346 illi
769 1275 839 1368 ipsi
851 1275 977 1344 melius
993 1273 1203 1365 intelligent,
1255 1277 1506 1370 opinionibus,
1538 1291 1579 1348 nt
1609 1277 1709 1351 libet.
1773 1275 1824 1348 Et
1851 1280 1994 1374 utrique
2024 1275 2143 1352 babent
2166 1281 2207 1350 ni

212 1387 275 1478 qui
288 1385 334 1454 ad
354 1378 424 1452 hoc
439 1381 596 1451 studione
609 1378 793 1448 assuefacti
809 1387 902 1450 sunt.
956 1375 1114 1446 Multum
1140 1400 1205 1446 au·
1255 1375 1385 1450 theatri
1401 1379 1601 1471 applausus·
1651 1377 1722 1452 Sed
1747 1373 2066 1452 haecvoluntatom
2087 1396 2118 1453 et
2135 1381 2207 1452 iudi-

212 1503 284 1558 tem
295 1483 386 1556 lueis
399 1482 500 1553 affert
514 1481 657 1550 collatio
674 1479 939 1563 doctrinarum,
965 1491 1005 1548 ut
1019 1477 1090 1546 dici
1105 1477 1205 1563 solet,
1255 1480 1392 1551 ciorum
1408 1480 1663 1551 dissimilitudo
1678 1505 1752 1550 non
1768 1494 1820 1552 est
1835 1475 1943 1552 huius
1962 1496 2094 1555 tantum
2116 1483 2210 1552 aetatis

211 1578 427 1682 ἡπορφύρα
443 1578 545 1678 παρὰ
557 1578 626 1675 τὴν
645 1573 845 1676 πορφύραν
860 1574 1060 1674 διακριτέον,
1111 1577 1203 1650 C'um
1255 1583 1399 1656 malum.
1450 1581 1619 1654 Feramus
1632 1582 1742 1672 igitur
1757 1583 1935 1673 sapienter
1953 1579 2034 1668 hos,
2058 1583 2210 1655 utDemo-

214 1689 343 1761 didicit
357 1685 531 1780 quispiam
552 1708 592 1754 ex
606 1707 688 1752 vera
705 1675 956 1774 Philosophia,
982 1680 1067 1773 quid
1086 1674 1205 1750 homi·
1255 1679 1396 1754 sthenes
1409 1685 1589 1769 nominat,
1614 1707 1819 1754 communes
1836 1683 2018 1757 civitatum
2032 1686 2175 1770 morbos,
2189 1699 2213 1754 et

213 1813 278 1860 ors
291 1789 368 1858 soni
381 1801 416 1858 et
432 1800 524 1858 rerer
539 1785 724 1878 loquentes
738 1785 924 1854 nominent
937 1782 1131 1862 iusticiam,
1151 1783 1206 1850 fa·
1255 1799 1374 1856 tameo
1404 1785 1608 1856 iunioribus
1638 1798 1894 1856 monstratores
1920 1801 1957 1860 et
1981 1783 2163 1858 hortatores
2178 1787 2213 1854 ss

214 1893 316 1962 cilius
339 1889 492 1978 intelligi
517 1900 651 1979 potest,
676 1887 740 1956 ubi
762 1887 886 1955 eodem
908 1885 1015 1952 modo
1038 1883 1204 1976 loquatur
1257 1911 1354 1973 mus,
1378 1889 1423 1956 ad
1448 1911 1504 1973 ea,
1531 1909 1621 1982 quae
1638 1900 1722 1957 sont
1743 1911 1846 1972 vera,
1872 1901 1990 1975 recta,
2016 1902 2050 1960 et
2069 1885 2215 1958 Ecclesiae

212 2007 329 2064 senno
344 1991 508 2075 divinus,
532 1988 596 2060 ubi
611 1989 715 2058 aliter
733 1987 911 2079 loquatur.
963 1982 1063 2054 Sicut
1078 1983 1206 2054 Socra-
1256 1988 1433 2061 salutaria.
1460 1987 1558 2060 Bene
1574 1991 1662 2064 vale.
1689 1985 1815 2060 Mense
1824 1984 1989 2064 Octobri.
2015 1987 2119 2062 Anno
2135 1984 2242 2060 1560..

213 2110 266 2166 tes
282 2091 402 2186 inquit
418 2086 566 2164 δίκαιον
582 2103 634 2160 est
650 2082 823 2182 νόμιμον.
873 2083 922 2156 Et
944 2085 1104 2156 delinitio
1130 2087 1205 2156 eius
2241 2091 2242 2114 ²

214 2195 394 2280 institiae,
424 2217 514 2286 quae
539 2204 591 2261 est
615 2191 816 2261 obedientia
842 2189 938 2258 iuxta
956 2187 1086 2277 legem,
1111 2201 1205 2258 recte

215 2296 407 2368 constituta
423 2307 491 2379 est,
516 2306 552 2363 et
569 2307 681 2362 sumta
701 2315 720 2361 a
741 2315 885 2374 nonna,
909 2289 1072 2359 videlicet
1098 2313 1118 2358 a
1139 2314 1207 2360 no-

215 2399 298 2470 ticia
321 2397 408 2467 recti
426 2397 590 2480 immota,
615 2419 706 2487 quae
720 2393 892 2464 divinitus
913 2391 1045 2460 sancita
1068 2403 1139 2475 est,
1165 2403 1206 2462 ut
1257 2403 1323 2480 No,
1342 2402 1456 2475 4814,
2096 2408 2224 2490 (mog)

215 2513 313 2590 regat
336 2497 500 2570 actiones.
552 2493 603 2566 lta
627 2497 666 2566 io
687 2491 848 2586 Epistola
870 2485 1041 2562 Iohannis
1067 2492 1208 2578 dicitur,
1268 2501 1436 2534 *Ν
2111 2501 2211 2530 Μ

216 2595 381 2696 ἁμαρτία
400 2614 451 2671 est
465 2593 615 2689 ἀνομία.
662 2593 832 2667 Definitio
848 2607 899 2664 est
914 2594 1051 2662 erudite
1069 2594 1206 2666 tradita.
1612 2605 1678 2695 10,
1707 2606 1911 2724 Agpino,

217 2703 381 2774 lntuetur
400 2695 576 2769 lohannes
598 2721 778 2782 normam,
804 2719 894 2790 quae
918 2695 1006 2782 regit
1021 2693 1207 2770 iusticiam.
1969 2769 1977 2786 ,
2158 2767 2164 2780 Ι
2193 2765 2199 2776 ,
2241 2751 2242 2758 ,

1326 2765 1350 2838 †
1369 2763 1391 2818 E
1408 2761 1515 2822 collect.
1534 2764 1662 2821 Ballanst.
1682 2768 1746 2824 Vol.
1765 2769 1787 2824 l.
1809 2785 1836 2838 p.
1848 2765 1903 2836 lb,
1928 2787 1978 2840 qur
2000 2787 2061 2824 um
2084 2767 2242 2838 descripnte

217 2800 393 2893 Utid'imr
407 2798 736 2888 d⁰⁰²³i⁰ressi⁰n⁸²
763 2799 849 2892 quid
865 2797 1123 2886 ⁸itp²⁰⁰³tum2
1149 2797 1209 2880 aih
1361 2833 1424 2889 cod.
1442 2831 1508 2889 Mat.
1527 2831 1680 2889 Godolredi
1699 2835 1837 2891 Thomasii
1857 2837 1960 2893 Medici
1983 2835 2162 2908 Norioberg.,
2178 2851 2231 2886 noos

217 2925 292 2976 esse
323 2903 491 2996 quiddam
525 2901 730 2995 discrepans
755 2901 801 2970 ab
825 2899 887 2968 illa
912 2921 1049 2966 norma.
1108 2895 1206 2968 Haec
1358 2901 1411 2958 cod
1438 2903 1887 2978 sloooc.90.oo.vtt.p.419b.

217 3005 392 3078 concinne
413 3004 485 3074 dici
506 3003 713 3093 intelligunt
734 2996 793 3087 hi,
821 2999 884 3093 qui
905 2993 990 3068 haec
1012 3021 1121 3090 parva
1150 3023 1209 3070 ar-
1535 3057 1543 3077 ,
1674 3061 1681 3079 ,
2157 3059 2161 3065 .

215 3109 307 3181 tium
323 3107 495 3177 elementa
512 3105 724 3178 didicerunt.
775 3101 892 3173 Aliter
907 3099 1061 3193 loquiter
1077 3097 1210 3172 Paulus
1361 3053 1540 3156 [ww
1565 3055 1759 3177 A‘W'me
1785 3057 2158 3162 (P⁰⁸²·ffimb¹¹'8·)

216 3233 297 3282 cum
328 3208 393 3278 ait:
436 3203 616 3278 iustificati
641 3205 710 3274 fide
735 3227 856 3297 pacem
883 3197 1072 3287 habemus,
1104 3227 1210 3295 wem
1261 3188 1310 3274 S.
1337 3202 1382 3273 D.
1435 3201 1646 3275 Venerande
1661 3207 1719 3276 vir
1734 3206 1893 3280 etemice
1910 3211 2109 3282 carissime.
2159 3203 2242 3278 Nun-l

218 3333 300 3384 cum
317 3309 487 3380 dicimus:
514 3305 689 3378 Aristides
705 3321 756 3378 est
771 3307 895 3379 iustus.
1261 3331 1365 3398 quaro
1383 3321 1485 3376 antea
1494 3307 1568 3376 vidi
1583 3308 1766 3402 utriusque
1782 3311 1891 3401 partis
1905 3313 2109 3382 sententias
2124 3311 2160 3380 in
2173 3331 2239 3376 con

320 3411 402 3482 Non
416 3434 480 3502 ego
496 3412 620 3500 ignoro
636 3433 709 3480 esse
727 3409 877 3492 multos,
903 3408 965 3501 qui
980 3408 1077 3478 velut
1094 3429 1212 3476 carce-
1261 3407 1452 3492 troversia,
1486 3408 1586 3478 cuius
1609 3405 1698 3480 mihi
1721 3409 1907 3504 paginas¹)
1930 3411 2129 3510 misisti²).
2175 3411 2239 3479 lde·

220 3537 294 3584 rem
316 3515 470 3584 oderunt
492 3507 556 3582 has
580 3525 689 3582 metas
711 3511 861 3594 artium,
885 3521 919 3579 et
937 3508 1008 3579 sibi
1029 3508 1210 3578 licentiam
1262 3532 1327 3578 nec
1341 3509 1575 3600 pronunciavi
1590 3524 1712 3594 antea,
1738 3536 1803 3582 nec
1822 3513 1941 3583 literas
1966 3509 2092 3586 isthuc
2114 3513 2189 3583 misi
2211 3511 2227 3576 d

220 3629 366 3684 eumont
388 3615 542 3702 fingendi
567 3615 771 3706 opiniones,
795 3609 963 3694 utlibet,
985 3625 1020 3684 et
1034 3631 1211 3680 summum
1262 3604 1328 3679 hac
1351 3633 1454 3679 causa
1476 3611 1578 3685 ullas.
1630 3611 1718 3682 Misi
1739 3628 1853 3684 autem
1874 3616 2069 3706 epistolam
2094 3619 2138 3686 ad
2154 3581 2242 3786 senff

222 3717 328 3782 decus
343 3737 416 3783 esse
432 3717 588 3798 ducunt,
613 3715 853 3784 contradicere
865 3713 1030 3798 caeteris,
1054 3735 1094 3782 ac
1109 3734 1213 3802 prae-
1262 3725 1339 3781 tum
1362 3712 1550 3802 scriptam,
1590 3712 1628 3780 in
1655 3739 1724 3808 qua
1758 3729 1792 3786 et
1814 3717 1985 3787 dominus
2007 3715 2141 3790 Pastor
2164 3713 2213 3786 Do

222 3814 335 3901 stigiis
351 3809 606 3904 sophismatum
622 3827 714 3884 recte
731 3815 824 3884 dicta
839 3813 1063 3886 labefactant.
1114 3811 1212 3882 Haec
1262 3807 1491 3882 Pomeranus
1510 3827 1545 3884 et
1567 3809 1673 3912 ego³)
1703 3811 1900 3888 hortatores
1932 3843 2084 3890 erasnm
2121 3813 2240 3890 senatu'

223 3913 386 3998 audacia,
401 3927 441 3982 ut
456 3913 662 3982 mollissime
678 3915 811 3998 dicam,
828 3937 901 3983 non
918 3929 970 3984 est
981 3909 1213 3984 utilisEccle-
1263 3929 1302 3986 ut
1325 3915 1381 3984 vel
1403 3916 1544 3986 mittant
1567 3915 1746 4010 aliquibus
1771 3919 1920 3990 eruditis
1935 3919 2162 4014 descriptam
2181 3937 2234 3988 con

222 4016 294 4086 siae
309 4013 387 4085 Dei.
437 4011 624 4096 Formam,
649 4011 926 4105 inquitPaulus,
952 4037 1120 4085 sanorum
1137 4039 1212 4084 ser·
1261 4016 1468 4087 troversiom
1484 4030 1656 4087 eteorum
1677 4019 1808 4088 iudicia
1822 4021 2118 4110 sciscitarentur,
2144 4021 2196 4090 vel
2216 4041 2230 4084 a

221 4137 370 4188 monum
392 4113 555 4187 retineto.
606 4110 857 4183 Discernamus
879 4137 1006 4203 genera
1031 4116 1212 4185 doctrina·
1260 4131 1410 4212 utraque
1425 4131 1524 4210 parte
1540 4131 1719 4211 peterent,
1744 4145 1790 4189 ne
1805 4122 1849 4191 de
1865 4117 1930 4192 hac
1953 4147 1995 4194 re
2022 4125 2066 4194 in
2085 4117 2234 4195 conciou‘

222 4243 323 4304 rum,
355 4237 420 4284 nec
447 4229 541 4286 extra
566 4229 678 4285 metas
704 4209 906 4289 evehamur.
962 4212 1042 4285 Hoc
1061 4217 1210 4287 consilio
1261 4221 1329 4290 bus
1344 4219 1534 4290 certamina
1551 4233 1747 4294 moverent.
1798 4219 1994 4317 Nunquam
2013 4227 2124 4296 volui
2148 4245 2237 4294 acceo

220 4319 408 4414 praecipue
424 4311 510 4386 haec
525 4311 775 4409 Philosophica
794 4339 896 4408 saepe
920 4314 958 4386 in
975 4317 1135 4388 docendo
1154 4341 1212 4387 re-
1262 4321 1346 4391 dere
1360 4321 1506 4392 dissidia
1523 4322 1711 4408 intervos,
1736 4335 1771 4393 et
1786 4346 1883 4394 nunc
1899 4349 2054 4420 quoque
2072 4341 2111 4400 te
2124 4351 2205 4410 oro,

222 4433 321 4514 peto,
347 4431 388 4490 ut
402 4419 575 4487 senooois
589 4419 794 4490 discrimina
810 4418 949 4488 notiora
966 4417 1048 4488 sint.
1261 4418 1368 4494 huius
1383 4423 1642 4494 controversiae
1655 4423 1873 4495 mentionem
1894 4429 2059 4506 omittas.
2115 4427 2170 4500 De
2192 4423 2232 4492 al'

322 4519 461 4593 Deinde
484 4531 567 4588 srrnt
587 4532 622 4588 et
643 4521 732 4590 aliae
754 4521 924 4592 utilitates
947 4514 1056 4592 huius
1077 4518 1212 4588 doctri-
1260 4519 1397 4612 niagnis
1421 4525 1526 4627 rebps
1550 4525 1704 4614 graviter
1732 4539 1766 4596 et
1789 4527 1926 4598 erudite
1947 4530 2084 4602 doceri
2120 4525 2224 4624 popul

222 4647 298 4698 nae.
355 4620 399 4692 ln
430 4615 496 4690 hac
516 4619 753 4714 qualicunque
782 4622 1038 4712 gubernatione
1069 4643 1210 4692 morum
1262 4635 1396 4715 potest,
1430 4649 1581 4718 quarem
1612 4627 1768 4716 cognitio
1794 4629 1945 4698 maxime
1971 4633 2226 4702 necessariae

205 4746 361 4808 ⁴necesse
383 4735 436 4793 est
459 4741 562 4790 nosse
584 4721 756 4790 virtutum
771 4724 1026 4814 descriptiones
1050 4735 1084 4793 et
1100 4721 1210 4813 parti·
1263 4723 1445 4796 Tueamur
1459 4726 1552 4797 inter
1567 4749 1633 4797 nos
1649 4729 1874 4799 concordiam
1897 4743 1931 4800 et
1945 4737 2140 4824 quaedam
2156 4741 2231 4802 nost

221 4827 346 4898 tiones.
404 4822 501 4899 Hinc
525 4817 630 4890 etiam
661 4842 761 4910 saepe
781 4822 893 4891 oratio
919 4819 1116 4904 haurienda
1146 4835 1211 4909 est,
1262 4827 1409 4896 vulnera
1425 4841 1597 4917 tegamus,
1623 4853 1669 4898 ne
1692 4827 1778 4900 hant
1798 4831 1971 4901 tristiores
1990 4834 2224 4926 disputation

222 4949 302 4997 com
318 4923 534 4994 derisoribus
549 4919 741 5012 loquimur.
792 4921 899 4992 Utilis
913 4936 966 4992 est
986 4937 1021 4994 et
1037 4925 1211 4996 diiudioa-
1263 4925 1367 4998 Nono
1380 4929 1483 5022 plura
1499 4931 1651 5001 scribere
1665 4953 1742 5002 non
1757 4931 1870 5026 potui.
1895 4929 1999 5004 Bene
2018 4937 2120 5012 vale.
2152 4931 2221 5006 15⁶

224 5029 274 5100 tio
298 5037 489 5106 secmrmn,
514 5023 545 5092 si
568 5023 675 5090 modo
694 5021 878 5090 veritatem
900 5021 1122 5113 quaerimus,
1145 5049 1210 5094 nec
2241 5019 2242 5094 l

222 5141 362 5204 tantum
380 5139 421 5196 ut
435 5124 652 5204 ardeliones,
682 5135 861 5240 petentare
879 5145 1025 5239 acumen
1047 5125 1212 5196 volomus
1299 5179 1326 5250 ¹)
1343 5177 1472 5236 mem
1483 5155 1585 5250 pm
1614 5200 1643 5236 er
1658 5200 1721 5236 mro
1724 5182 1760 5238 do

223 5237 260 5302 io
277 5225 510 5300 defendendis
524 5224 723 5316 paradoxis.
771 5219 918 5292 Prodest
937 5234 1042 5292 esrem
1057 5225 1209 5296 iuniori·-
1296 5265 1325 5330 ς)
1345 5264 1536 5322 Controversia
1552 5221 1728 5321 g,'g„„„„,
1743 5223 1844 5322 c'ggffl
1857 5263 1890 5322 ,g
1904 5265 2025 5324 Mem,

222 5337 306 5416 bus,
332 5327 507 5400 assuefieri
523 5326 565 5395 ad
581 5323 745 5394 ordinem
759 5335 795 5392 et
810 5324 856 5392 ad
872 5317 1210 5418 lonoas'nexplican.
1297 5351 1327 5416 g)
1345 5348 1408 5406 vig
1424 5369 1504 5422 „P”
1518 5351 1597 5422 ,Μ
1611 5349 1680 5407 Μ
1693 5361 1719 5406 e,
1734 5349 1878 5408 sommas
1893 5369 1990 5408 norro
2007 5353 2242 5429 monim

223 5435 279 5516 di,
304 5455 394 5528 quae
410 5431 447 5499 in
465 5423 521 5496 his
535 5423 703 5516 exemplis
717 5423 883 5498 cernitur.
2241 5423 2242 5514 q
