4586 6224
190 309 269 390 681
776 305 1215 390 EPISTULARUM
1267 306 1372 394 ΗΒ.
1397 309 1481 398 xit.
1534 307 1666 392 1550.
2133 315 2187 394 stt

193 487 265 558 sint
284 485 418 570 iontes,
449 482 491 558 αι’
516 483 646 580 quibus
671 475 841 555 sumenda
864 495 916 556 est
942 489 1125 582 perspicua
1157 498 1191 560 et
1242 480 1337 555 Filio
1367 495 1402 554 et
1426 483 1564 578 Spiritu
1587 485 1717 557 Sancto
1750 483 1935 575 ignorant,
1967 483 2190 562 Mahomctistar

192 589 294 660 arms
309 588 487 664 refutatio.
522 585 620 656 Haec
636 609 677 657 eo
693 583 848 673 recitavl,
863 601 905 657 ut
921 589 1078 660 iuniores
1095 613 1191 659 com-
1227 583 1350 657 ‘etism
1374 587 1484 678 impie
1504 601 1540 657 et
1555 588 1714 658 furenter
1737 601 1973 664 exsecrantur.
2026 587 2088 659 Sed
2107 594 2192 679 verba,

192 691 383 762 moneiacti
396 687 639 780 diligentiores
654 689 777 758 sintin
792 690 1051 762 considerando
1065 692 1190 762 discri-
1243 689 1385 784 inquis,
1410 689 1557 760 recitare
1577 708 1783 781 possumus,
1808 699 1972 760 naturam
1988 689 2052 760 tilii
2066 705 2095 762 et
2108 690 2193 784 Spiri-

191 793 290 862 mine
303 791 559 877 doctrinarum,
577 803 611 860 et
626 789 817 882 puritatem
833 794 992 863 coelestis
1008 793 1191 886 doetrinae
1243 803 1300 860 tus
1318 788 1440 861 Sancti
1455 794 1635 883 quomodo
1651 791 1871 880 intelligam?
1929 789 2005 860 Etsi
2020 793 2193 866 obscurarit

192 916 268 962 non
284 894 405 964 sinant
425 892 622 984 corrumpi,
646 891 812 962 admixtis
832 897 1030 985 peregrinis
1046 895 1190 984 opinio·
1244 893 1350 962 etiam
1366 893 1405 960 iu
1423 885 1580 962 Ecclesia
1603 887 1689 963 haec
1713 893 1867 982 agnitio,
1894 903 2011 962 tatum
2028 888 2103 963 hnic
2121 895 2193 964 inir-
2263 897 2264 911 ²

192 995 313 1069 nihus.
347 992 503 1064 Maxime
517 1017 601 1064 vero
619 995 658 1062 in
673 994 899 1065 invocatione
915 991 1003 1068 haee
1017 996 1188 1089 sapientia
1243 993 1358 1064 mitati
1378 991 1476 1063 Deus
1496 995 1674 1064 medetur:
1700 992 1796 1064 Filio
1822 995 1942 1065 induit
1961 989 2137 1066 humanam
2151 1021 2195 1066 na·
2263 1079 2264 1084 ἵ

192 1097 319 1168 luccat.
370 1094 484 1166 Filius
500 1094 567 1166 Dei
584 1119 682 1180 cum,
708 1097 901 1186 obiurgans
918 1097 1189 1184 Samaritanam‚
1243 1107 1380 1181 terram,
1408 1107 1449 1166 ut
1465 1097 1665 1187 adspiciens
1687 1091 1784 1166 hunc
1799 1092 2000 1181 Christum,
2025 1109 2154 1168 stantem
2170 1099 2195 1166 in

192 1197 325 1291 inquit:
348 1195 445 1281 „Vos
458 1194 633 1280 adoratis,
646 1199 742 1291 quod
760 1200 904 1268 nescitis
914 1198 946 1269 ¹¹:
973 1201 1051 1272 vult
1066 1223 1132 1270 nos
1148 1223 1189 1270 ex
1243 1210 1441 1289 conspectu,
1466 1217 1547 1266 urm
1563 1210 1705 1268 revocat
1717 1196 1891 1270 Lazarum
1907 1199 1946 1266 in
1963 1197 2076 1279 vitam,
2099 1200 2196 1268 discer-

190 1298 348 1370 tenebris
361 1298 444 1383 illis,
468 1321 559 1392 quae
575 1311 657 1368 suut
673 1296 710 1366 iu
728 1301 906 1370 mentibus
923 1303 1054 1373 nostris
1069 1303 1106 1370 iu
1123 1297 1190 1373 hac
1242 1319 1307 1367 nas
1331 1321 1411 1368 eum
1434 1299 1479 1368 ab
1507 1313 1650 1385 aeterno
1672 1297 1794 1385 Patre;
1829 1314 1864 1370 et
1885 1299 2085 1369 nominatur
2105 1295 2198 1384 Filius,
2262 1307 2263 1314 ’

190 1401 331 1472 infirma
347 1413 492 1484 natura,
516 1399 616 1468 velut
636 1401 756 1486 educi,
781 1415 816 1471 et
837 1403 915 1473 vuit
937 1404 1057 1498 aliquo
1082 1405 1187 1474 niodo
1245 1397 1364 1490 Imago
1387 1400 1520 1470 aeterni
1538 1399 1670 1470 Patris:
1696 1403 1792 1471 unde
1815 1401 1873 1493 pia
1893 1425 1994 1470 mens
2015 1401 2125 1486 etum,
2145 1425 2197 1470 nou
2261 1407 2269 1478 3x

190 1503 324 1594 adspici
340 1499 456 1572 Deum
472 1500 512 1569 in
528 1501 600 1570 illis
618 1500 739 1587 dictis,
764 1525 853 1596 quae
875 1529 943 1576 vox
960 1505 1082 1576 divina
1104 1529 1189 1598 pro-
1242 1501 1343 1572 rudis
1357 1525 1399 1570 ac
1420 1524 1565 1592 prorsus
1586 1503 1709 1590 ignara
1730 1503 1913 1572 doctrinae
1936 1516 1971 1572 et
1992 1496 2198 1573 exercitiorum
2258 1466 2263 1548 i

187 1604 327 1699 posuit,
357 1627 449 1696 quae
472 1617 582 1673 metas
611 1603 715 1672 uobis
740 1603 952 1694 circumdat3
978 1607 1099 1693 docet,
1125 1607 1186 1678 ubi
1240 1601 1477 1674 invocationis
1491 1627 1630 1674 sumere
1644 1603 1836 1674 discrimen
1852 1617 1978 1696 potest.
2025 1601 2072 1674 Et
2084 1603 2199 1674 sciamus
2258 1637 2269 1679 ,ω

190 1719 224 1776 et
240 1709 506 1800 quomodnsesc
522 1706 725 1796 patefecerit
740 1703 855 1790 Deus,
881 1721 914 1778 et
939 1733 1030 1806 quae
1045 1711 1091 1780 sit
1113 1711 1188 1780 eius
1241 1705 1279 1772 iu
1294 1698 1359 1774 hae
1374 1705 1515 1775 mortali
1529 1706 1602 1775 vita
1617 1701 1702 1775 haec
1717 1707 1865 1776 obscura
1880 1705 1983 1776 initia
1999 1703 2071 1775 Deo
2085 1705 2201 1797 placere,
2260 1705 2262 1776 i

188 1807 370 1892 voluntas3
402 1809 582 1900 quornwo
614 1819 649 1875 et
677 1830 741 1876 cur
769 1809 937 1900 recipiat,
962 1811 1125 1882 exaudiat
1153 1826 1188 1882 ct
1241 1804 1405 1876 Alterum
1421 1806 1612 1876 discrimen
1630 1810 1674 1877 de
1696 1808 1879 1878 voluntate
1899 1807 1967 1878 Dei
1985 1806 2146 1876 illustrius
2157 1819 2200 1877 cst
2251 1796 2260 1859 i

187 1922 302 1980 servet
331 1901 505 1980 homines.
557 1906 629 1980 Sed
654 1909 761 2002 quid,
788 1910 948 2004 inquies,
973 1913 1053 2005 plus
1075 1914 1188 1983 cernit
1240 1906 1383 1979 Norunt
1408 1923 1590 2003 utcunque
1621 1907 1743 1996 Plato,
1775 1901 2005 2002 Xenophon,
2041 1902 2201 1992 Mahomet,
2255 1855 2261 1984 i

186 2034 266 2080 mea
286 2033 406 2096 mens,
431 2011 607 2100 cogitans,
635 2011 720 2103 quid
751 2010 797 2081 sit
817 2009 932 2100 Deus,
958 2039 1065 2108 quam
1087 2039 1186 2084 mens
1240 2009 1477 2095 voluntatem,
1510 2033 1618 2105 quarn
1651 2013 1726 2094 lex,
1757 2011 1859 2082 cuius
1890 2012 2019 2082 notitia
2049 2009 2201 2080 nobiscum
2255 2003 2262 2129 ι

185 2111 360 2194 Platonis,
385 2113 467 2206 qui,
491 2111 688 2204 adspiciens
701 2105 770 2183 hoc
784 2109 1066 2206 pulcherrimum
1080 2141 1186 2188 mun·
1240 2115 1414 2194 nascitur,
1428 2113 1594 2183 ostendit.
1625 2111 1753 2184 Sciunt
1768 2135 1841 2182 esse
1855 2134 1989 2182 numen
2006 2112 2202 2205 sapiens,vr-
2255 2146 2260 2211 ἔ

184 2214 222 2284 di
238 2212 440 2306 opificium,
463 2214 580 2284 lucem
596 2226 630 2282 et
642 2213 791 2303 figuram
808 2217 909 2304 coeli,
934 2219 1091 2291 siderum
1107 2243 1186 2290 rno-
1238 2239 1319 2295 rar,
1345 2213 1553 2298 beneficum,
1576 2213 1723 2301 iustum,
1750 2227 1895 2298 castum,
1921 2211 2074 2306 puniens
2089 2212 2202 2282 scelera:
2257 2220 2261 2261 t

110 2355 122 2376 ι
184 2329 260 2396 tus,
292 2327 327 2386 et
347 2307 442 2384 lranc
469 2317 588 2385 sedem
617 2315 872 2407 animantium,
905 2332 1034 2391 terram
1056 2345 1184 2410 magna
1238 2317 1363 2387 vident
1386 2313 1494 2388 huius
1515 2317 1710 2388 voluntatis
1728 2315 1932 2388 testimonia
1956 2317 1997 2386 in
2021 2312 2202 2412 quotidianis
2257 2264 2262 2375 i

183 2416 352 2488 varietate
373 2429 557 2504 ornatam,
589 2427 625 2486 et
646 2410 827 2508 homines,
859 2435 894 2492 et
915 2423 954 2492 in
978 2417 1184 2493 hominibus
1239 2419 1417 2510 exemplis.
1460 2415 1538 2488 Etsi
1557 2418 1652 2486 enim
1670 2419 1885 2488 differuntur
1898 2442 2055 2512 poenae,
2078 2431 2109 2486 et
2120 2435 2203 2507 pauca
2260 2417 2269 2490 ,ἶ

182 2531 320 2610 partem
333 2517 610 2609 intelligentem,
632 2531 666 2588 et
683 2533 836 2593 caeteras
850 2517 935 2593 huic
952 2524 1044 2592 miro
1058 2525 1183 2593 ordine
1238 2519 1410 2611 quaedam
1434 2519 1592 2610 exeurpla
1614 2543 1711 2589 nunc
1733 2519 1952 2612 discrepant:
1976 2531 2091 2590 tamen
2111 2513 2203 2604 regula
2257 2509 2263 2601 ξ

183 2621 398 2703 adtributas,
431 2620 590 2710 agnoscit
612 2633 727 2704 certe,
751 2647 886 2692 numen
907 2624 1086 2718 quoddam
1110 2647 1183 2694 esse
1237 2643 1457 2714 nequaquam
1471 2621 1580 2691 dubia
1596 2621 1808 2692 esuatrocta
1820 2621 1949 2694 delicta
1965 2618 2122 2692 comitari
2134 2631 2204 2688 atru-
2257 2609 2263 2692 i

183 2721 341 2814 sapiens,
364 2721 520 2807 honum,
545 2723 696 2799 iustum,
729 2725 826 2815 quod
850 2737 885 2797 et
904 2727 985 2794 fons
1009 2739 1062 2796 est
1083 2726 1182 2796 ordi·
1236 2746 1291 2791 ces
1308 2721 1491 2816 poenasin
1507 2715 1571 2793 hac
1589 2723 1671 2796 vita.
1708 2719 1902 2794 Hincsunt
1917 2723 2005 2794 illae
2017 2723 2116 2793 toties
2127 2741 2204 2810 repe·
2262 2747 2264 2814 i

182 2824 240 2894 nis
253 2837 289 2894 et
303 2821 494 2906 honitatis,
520 2835 555 2892 et
569 2814 655 2890 haec
669 2820 909 2912 pulcherrima
926 2849 1033 2920 opera
1046 2829 1182 2898 miran-
1236 2824 1319 2895 titae
1341 2825 1714 2896 commonefactioues:
2262 2815 2263 2822 '

182 2928 227 2996 da
253 2937 329 2994 arte
356 2923 532 2994 condidit:
571 2920 669 3010 Quid
693 2924 792 3016 plus,
818 2927 977 3022 inquies,
1002 2944 1064 3001 aut
1092 2930 1177 3023 quid
1495 2949 1582 3036 ”Eget
1601 2951 1679 3030 θεὸς
1699 2949 1819 3018 {prm
1841 2949 1942 3035 ὄμμα,

181 3027 279 3096 aliud
297 3025 493 3106 cernimus,
519 3022 625 3094 etiam
638 3047 717 3094 cum
736 3029 879 3100 deducti
895 3055 1017 3103 snmus
1033 3033 1078 3102 ad
1100 3033 1179 3102 illas
1332 3069 1382 3148 Ει
1396 3074 1435 3144 Ἣ
1463 3074 1486 3143 d
1500 3071 1753 3143 Homericum,
1780 3065 1863 3165 (od
1886 3095 1925 3143 ω
1953 3075 1975 3156 ξ
2005 3072 2085 3170 33)

181 3127 451 3221 patefactiones,
475 3149 563 3219 quas
577 3125 702 3199 recitat
718 3126 901 3202 Ecclesia?
939 3131 998 3202 An
1014 3157 1088 3204 non
1102 3133 1179 3204 fieri
1265 3128 1268 3136 ’
1395 3099 1472 3228 ¹⁰„
1667 3199 1686 3224 ν
1742 3121 1749 3138 ’
1824 3097 1985 3228 „72⁶⁰
2057 3127 2066 3150 '

180 3243 314 3322 potest,
338 3241 379 3298 ut
393 3229 530 3296 firmior
553 3241 588 3298 et
613 3230 773 3300 stabilior
792 3232 838 3303 sit
856 3236 1018 3304 adsensio
1043 3235 1082 3304 in
1097 3233 1180 3306 Pla·
1379 3205 1418 3270 οὗ
1438 3227 1497 3290 7³⁰
1520 3202 1643 3286 “imm
1666 3225 1741 3288 ’θνα
1762 3207 1832 3268 'm‘
1853 3227 1998 3288 mmm
2018 3206 2155 3291 '‘um“

180 3345 264 3403 tone
287 3344 321 3401 et
342 3325 599 3422 Xenophonte,
624 3353 733 3425 quam
753 3332 792 3402 iu
814 3335 1038 3407 auditoribus
1055 3335 1179 3407 Eccie-
1332 3325 1382 3401 Et
1398 3329 1488 3399 illud
1504 3317 1769 3396 Pindaricum:
1795 3319 2084 3424 (Py.1v.248.)

181 3433 276 3503 siae?
326 3429 423 3502 Haec
441 3455 516 3501 nou
537 3443 588 3500 est
608 3430 696 3502 levis
715 3437 893 3529 quaestio,
921 3440 966 3508 de
983 3463 1051 3534 qua
1073 3437 1179 3508 bonis
1399 3440 1466 3506 ivri
1485 3441 1544 3522 pis
1564 3439 1694 3505 θνατῶν
1718 3440 1826 3588 qpim
1848 3435 2005 3522 ὠκύτεραι

180 3533 360 3606 mentibus
389 3557 492 3626 saepe
520 3533 749 3622 cogitandum
776 3551 849 3623 est,
878 3551 912 3610 et
936 3545 1177 3633 quaerendum
1336 3623 1337 3626 Ἴ
1402 3525 1511 3608 *[θδθς
1531 3526 1657 3631 “ififflf‘
1678 3549 1719 3610 πρ
1765 3525 1854 3600 iim?
1876 3521 1995 3606 δόλων,

181 3635 381 3718 discrimen,
403 3635 514 3729 quod,
539 3635 606 3706 etsi
621 3662 746 3730 magua
761 3640 864 3711 estin
882 3641 1044 3713 omniurn
1058 3659 1179 3735 pecto-
1398 3617 1543 3727 'issxtitff
1564 3631 1726 3696 *tutatust
1748 3609 1828 3696 πρὸς
1847 3610 1982 3691 ἐπίβὸαν
2002 3609 2033 3674 δ’
2044 3607 2136 3693 ὅμως·

181 3738 283 3806 ribus
298 3736 429 3824 caligo,
454 3749 574 3808 tamen
585 3739 737 3829 intelligi
751 3754 933 3838 utcunque
946 3757 1072 3836 potest.
1107 3745 1177 3815 Sed
1230 3734 1394 3828 Denique
1424 3731 1585 3805 omnium
1619 3757 1785 3804 sanorum
1821 3733 2044 3804 consessione
2071 3727 2155 3803 hanc
2174 3727 2206 3796 de

181 3839 350 3919 sciamus,
381 3831 448 3906 hoc
472 3838 671 3931 prtecipcre
696 3840 835 3923 Deum,
866 3858 907 3914 ut
936 3846 1178 3916 adsentiamur
1231 3837 1307 3910 Deo
1327 3835 1492 3906 notitiam
1509 3835 1547 3904 in
1568 3838 1728 3906 omnium
1743 3833 2066 3916 mentibuslucere
2085 3843 2206 3904 constat.

182 3963 266 4010 snae
280 3938 377 4022 voci,
402 3962 443 4007 ac
459 3941 714 4014 tumultuantes
730 3944 981 4030 dubitationes,
1005 3947 1179 4039 reprime·
1231 3939 1300 4012 Sed
1318 3961 1539 4034 nequaquam
1558 3951 1692 4008 norunt
1704 3935 1829 4021 Plato,
1850 3927 2076 4027 Xenophon,
2101 3927 2206 4004 Maho-
2260 3956 2265 4025 t

181 4063 281 4124 mus,
303 4037 395 4110 sicut
409 4032 557 4110 Paulus
573 4040 691 4136 inquit
714 4041 756 4137 (2
772 4041 856 4114 Cor.
872 4042 917 4113 X.
937 4044 1010 4144 6.)t
1042 4050 1179 4140 αἰχμα-
1231 4055 1303 4112 met
1334 4039 1607 4132 promissionem
1637 4038 1824 4128 gratuitam
1859 4036 2156 4110 reconciliationis
2183 4041 2206 4098 et
2260 4034 2269 4106 i

183 4137 490 4230 miteretense
509 4135 634 4236 νόημα
649 4144 700 4226 εἰς
718 4140 789 4238 τὴν
810 4139 980 4240 ὑπακοὴν
1000 4153 1070 4220 τοῦ
1083 4151 1178 4244 Χρι.
1231 4141 1466 4212 Mediatorem
1482 4133 1616 4226 filinm3
1641 4141 1703 4209 sed
1724 4151 1894 4232 perpetua
1916 4139 2032 4209 estin
2054 4135 2207 4210 mentibus
2261 4106 2267 4199 i

183 4249 295 4330 στοῠ,
319 4243 450 4314 deinde
463 4238 554 4316 banc
571 4245 684 4336 ipsam
698 4244 936 4336 agnitionem,
961 4249 1001 4319 in
1015 4271 1085 4344 qna
1106 4251 1179 4319 lul-
1231 4244 1425 4328 dubitatio,
1451 4237 1860 4312 onerandiatnraDeo.
1901 4235 1972 4310 Hic
1988 4237 2146 4312 Ecclesia
2157 4229 2206 4306 Dei
2268 4267 2269 4308 v

183 4369 263 4438 gere
284 4343 462 4437 incipiunt
485 4346 699 4418 scintillulae
720 4349 961 4432 adsensionis,
988 4375 1062 4421 csse
1085 4346 1178 4423 hauc
1231 4343 1313 4432 scil,
1337 4345 1545 4437 patefaciam
1568 4367 1641 4412 ⁶⁵⁸²
1665 4337 1757 4414 1¹³⁰ss
1772 4341 1992 4412 V⁰¹¹¹¹¹l²¹¹⁶¹¹¹
2016 4341 2057 4412 5¹¹
2078 4337 2207 4434 promis-

183 4448 392 4541 sapientiam
406 4445 603 4534 Ecclesiae,
628 4450 824 4540 placentem
838 4449 935 4536 Deo,
961 4477 1177 4548 quamquam
1231 4449 1347 4531 sione,
1384 4469 1474 4540 quae
1504 4445 1585 4515 ideo
1618 4445 1826 4514 nominatur
1854 4437 2113 4532 Evangelium,
2142 4433 2205 4532 quit

182 4545 299 4622 adhuc
315 4572 442 4640 magna
458 4549 569 4640 caligo
583 4551 718 4644 reliqua
734 4567 797 4627 est.
824 4548 878 4624 Ac
891 4555 1043 4626 docendi
1058 4579 1177 4626 caussa
1230 4565 1325 4642 grata
1342 4562 1377 4618 et
1392 4548 1506 4618 dulcis
1525 4545 1719 4619 consolatio
1737 4558 1806 4629 est,
1831 4567 1901 4638 qua
1918 4569 2001 4614 cum
2019 4558 2149 4612 mentes
2160 4557 2205 4608 su·

183 4676 287 4746 saepe
301 4652 351 4724 ita
365 4653 528 4723 discerno
547 4652 806 4724 invocationem
815 4651 1006 4728 Ethnicam
1022 4671 1056 4730 ct
1070 4653 1177 4729 Chri·
1230 4659 1446 4735 stentautur,
1471 4673 1546 4719 nou
1568 4647 1822 4740 opprimuntur
1836 4643 1932 4715 mole
1948 4643 2206 4720 dubitationum,

184 4757 344 4828 ctionem.
395 4752 508 4847 ldque
529 4753 718 4823 discrimen
746 4779 850 4848 saepe
874 4761 1098 4854 multumque
1120 4759 1177 4829 in·
1231 4778 1303 4824 riou
1320 4765 1528 4842 merguntur
1550 4750 1587 4818 in
1612 4761 1846 4832 contemtum,
1867 4759 1929 4818 aut
1949 4746 2035 4820 odia
2056 4743 2138 4828 neu
2156 4739 2205 4810 ssd

184 4855 315 4928 sulcari
329 4867 364 4925 et
376 4855 523 4946 'cogitari
542 4857 698 4946 prodest.
748 4856 974 4946 Cogitatioue
995 4863 1091 4930 enim
1113 4861 1176 4931 iux
1231 4867 1430 4926 reverenter
1445 4853 1617 4922 accedunt
1635 4853 1679 4919 ad
1695 4847 1833 4932 Deum,
1857 4847 1987 4918 liducia
2005 4840 2206 4920 Mediatoris.

183 4959 225 5029 in
238 4953 419 5026 mentibus
433 4971 469 5027 et
491 4957 698 5028 accenditur
714 4971 748 5028 et
758 4959 903 5028 'crescit
919 4989 923 4998 ·
950 4959 1045 5046 Sunt
1058 4975 1175 5032 autem
1229 4954 1324 5050 Haec
1339 4951 1538 5037 invocatio,
1560 4951 1630 5024 fide
1644 4951 1791 5024 intuens
1801 4947 2059 5034 Mediatorem,
2081 4943 2203 5040 propris

183 5057 370 5153 praecipua
387 5057 590 5129 discrimina
606 5061 694 5129 dtro:
721 5061 870 5130 alterurn
885 5072 938 5131 est
952 5063 996 5132 de
1011 5064 1176 5150 esseutia;
1228 5073 1280 5135 est
1293 5056 1473 5131 Ecclesiae
1486 5054 1572 5137 Dei,
1599 5067 1632 5124 et
1651 5055 1797 5147 quidem
1808 5051 1971 5120 ‘accendit
1986 5051 2027 5119 in
2045 5048 2204 5120 mentibus

182 5162 335 5232 alterurn
351 5157 395 5227 cle
416 5160 603 5232 voluntate
618 5162 696 5233 Dei.
745 5155 878 5234 Errant
898 5157 1067 5249 Ethnici,
1090 5163 1175 5235 Mo·
1229 5161 1343 5232 lucem
1362 5159 1407 5229 de
1428 5153 1526 5237 Deo,
1549 5153 1706 5245 ignotam
1722 5147 1888 5228 Ethnicis
1911 5161 1946 5222 el
1965 5151 2131 5222 omnibus
2151 5143 2202 5261 hp·

182 5257 409 5340 hamaticae,
433 5274 467 5331 et
485 5259 620 5331 similes·
639 5257 767 5333 deDei
788 5264 958 5351 essentia,
984 5265 1085 5358 qnia,
1109 5265 1173 5335 'e'tsi
1227 5261 1403 5342 minibus,
1437 5259 1498 5354 qui
1535 5253 1620 5356 haec
1653 5275 1755 5325 verae
1788 5252 2027 5325 invocationis
2061 5249 2201 5360 mercius

181 5361 245 5436 iila
266 5361 420 5434 naturali
439 5363 720 5435 consideratione
737 5377 932 5455 agnoscunt
948 5365 1086 5464 aliquid
1101 5378 1174 5439 csse¹
1226 5350 1414 5454 ignoranb‘
1443 5357 1586 5440 'rtem
1624 5349 1846 5450 Xenophon,
1883 5369 2080 5450 (tuterunt,
2108 5347 2201 5446 ΨΜ

180 5463 318 5548 Demus
350 5477 471 5535 umen
493 5464 593 5534 illam
615 5463 817 5538 doctrinm
839 5469 884 5539 de
899 5479 1041 5542 aetem
1055 5467 1174 5558 Patre',
1223 5469 1271 5538 sit
1282 5464 1397 5546 Deus,
1423 5463 1600 5534 intuentes
1616 5455 1853 5530 huncmundi
1866 5457 2046 5544 ordinem,
2068 5470 2102 5530 et
2114 5470 2198 5547 pror
