4734 6214
697 273 973 356 ANNALES
1005 275 1191 354 VITAE
1223 273 1354 360 MEL.
1407 277 1539 362 1660.

145 405 220 472 llm

177 515 227 578 η.
250 500 341 566 Guoli
356 495 549 580 imperatoris
565 495 760 574 mandatam,
786 510 821 562 ut
838 494 958 556 ordines
975 489 1099 577 irnperii
1113 492 1142 556 d.
1161 493 1220 564 26·
1234 488 1319 556 Iunii
1332 497 1514 560 oonrenieut
1528 493 1689 580 Angustus
1703 495 1947 567 vindelicorum.

183 609 231 678 ti.
253 605 387 668 libertus
403 599 540 664 Marohio
556 611 640 682 perat
658 600 784 662 bellum.
831 594 917 660 ldem
933 599 1049 660 i'eoimst
1064 594 1308 660 Brnnsvioenses.

187 717 226 778 tt.
248 707 314 771 Mel.
330 705 485 788 praefatur
498 703 537 766 ad
555 699 730 784 Zieglerum
745 703 779 762 in
792 699 911 784 Aesopi
925 700 1041 762 llbmee
1054 721 1071 760 a
1085 695 1190 762 Ioeoh.
1209 696 1379 763 Camerario
1397 700 1500 764 editas.

179 818 221 878 tl.
247 808 312 872 Mel.
329 803 457 889 Lipsiae
471 818 535 884 eet,
560 806 750 888 proi'eoturus
765 827 836 868 oum
852 801 1021 866 Camerario
1039 799 1211 886 Cygneam,
1238 802 1275 863 de
1290 802 1393 864 sohola
1413 797 1499 866 illiue
1517 805 1598 866 urbis
1614 805 1797 868 instituenda
1814 805 2039 870 deliberaturus·
2091 803 2156 872 Re·

292 911 349 972 diit
365 909 493 972 domum
507 911 631 970 ineunte
645 906 761 988 Aprili.

156 1015 182 1078 Α
198 1037 217 1075 r.

170 1037 218 1200 ipi·
244 1132 354 1198 Denuo
371 1133 470 1196 editur
485 1132 647 1194 enarratio
665 1123 794 1208 symboli
809 1122 947 1193 Nicoent.

169 1239 217 1304 29·
245 1236 374 1302 Crudele
389 1236 522 1298 edietum
536 1229 637 1298 Caroli
650 1233 840 1314 imperatoris
852 1232 885 1291 in
898 1227 1025 1312 Belgioo
1039 1229 1189 1292 deserere
1202 1232 1364 1316 puniendis
1379 1232 1553 1294 dootoribus
1566 1245 1596 1294 et
1610 1234 1833 1298 ooniessoribus
1846 1237 1978 1318 purioris
1993 1235 2169 1315 doetrinae„

243 1339 315 1404 Hoo
328 1359 433 1402 mense
447 1337 561 1420 prodiit
581 1339 729 1417 seriptum
744 1337 990 1411 concionatorum
1003 1329 1324 1418 Magdeburgensinm,
1350 1338 1383 1396 in
1405 1355 1467 1418 qno
1484 1335 1704 1398 oonieesionem
1720 1360 1805 1401 suem
1825 1341 1968 1418 reoitunt,
1991 1352 2020 1402 et
2036 1339 2155 1418 dorent,

293 1445 416 1504 licitum
432 1463 513 1518 esse,
540 1461 572 1500 se
587 1441 675 1498 armis
692 1435 850 1498 defendere
866 1447 968 1496 contra
989 1439 1192 1517 superiorem,
1218 1439 1337 1500 veritati
1351 1441 1415 1499 rim
1429 1437 1621 1502 inferentem.
2006 1423 2009 1432 ¹

188 1663 217 1724 1.
245 1654 427 1720 Melanthon
441 1649 572 1716 Lutheri
587 1653 871 1714 commentationem
891 1651 928 1712 de
943 1653 1039 1714 verbis
1052 1657 1225 1716 norissimie
1238 1649 1350 1716 Doridi
1367 1656 1479 1716 iterum
1495 1653 1567 1719 edit.

246 1759 369 1826 Prodiit
383 1755 596 1823 calendatim
609 1753 697 1819 Pauli
711 1751 813 1815 Eberi.

188 1867 218 1928 l·
246 1861 323 1927 Pars
337 1861 532 1924 enarrationis
545 1859 677 1941 symboli
691 1854 818 1919 Nioaeni
831 1857 967 1919 absoluta
981 1871 1035 1921 est.

189 1963 219 2029 d·
249 1963 386 2047 Nuptiae
401 1961 560 2044 Philippi,
582 1963 639 2022 filii
654 1957 868 2022 Melanthonis.
2219 2016 2222 2026 ,

212 2107 219 2125 .
249 2066 325 2131 Filii
336 2063 492 2148 Philippi,
519 2061 702 2146 Landgrerii
718 2059 841 2126 Hassiae
858 2062 987 2144 oeptiri‚
1014 2062 1184 2144 postulent,
1208 2073 1245 2140 pt
1266 2059 1445 2140 Mauritius,
1470 2057 1546 2124 Dux
1561 2057 1677 2125 Saron.
1694 2058 1834 2142 Eleotor,
1859 2087 1891 2128 se
1906 2069 1990 2128 sistat
2005 2067 2159 2148 oeptirnm

302 2167 426 2232 Caesari
438 2172 506 2229 looo
521 2167 623 2248 petris.

191 2270 220 2333 9·
249 2270 433 2336 Melanthea
452 2265 610 2332 Worlitzii
623 2277 668 2328 est
682 2265 763 2348 apud
781 2259 1112 2347 loanneml'rinoipem
1127 2261 1255 2326 Anhalt.
1274 2275 1486 2346 aegrotantem.

173 2371 219 2434 19.
249 2373 328 2438 Mel·
343 2359 451 2434 inritat
470 2367 673 2433 Gamerurium
689 2367 726 2429 ed
739 2386 857 2430 aeorum
871 2371 1007 2449 nuptiale
1022 2371 1101 2430 filiae
1115 2387 1186 2427 suae
1200 2363 1405 2448 Magdalenae.

172 2475 221 2536 tt·
249 2476 353 2541 Mittit
369 2470 501 2554 Georgio
517 2467 687 2533 Anhaltino
703 2475 868 2532 orationem
883 2469 920 2531 de
936 2469 1035 2533 dioto:
1066 2482 1169 2550 poter,
1191 2467 1357 2551 sonorifico
1374 2487 1424 2530 eos
1440 2472 1471 2529 in
1483 2471 1617 2530 veritate
1630 2480 1685 2530 tua
1699 2482 1755 2532 eto.

248 2577 396 2644 Exeunte
410 2573 493 2638 Maio
511 2571 636 2637 Carolus
653 2569 833 2636 Caesarum
849 2593 920 2634 oum
932 2570 1079 2654 Philippo
1093 2575 1155 2635 filio
1170 2568 1318 2634 Bruxella
1339 2571 1464 2634 disoedit
1478 2583 1508 2634 et
1522 2569 1694 2652 Augustam
1715 2571 1753 2633 ad
1777 2575 1899 2634 comitia
1912 2577 2086 2658 oontendit,
2108 2561 2165 2638 ad-

304 2679 532 2845 dnotohpffi
540 2671 655 2738 Ioanne
669 2672 841 2753 Friderioo,
862 2669 1015 2736 Sexoniee
1031 2671 1118 2738 Dnoe
1134 2673 1230 2738 Eleot.
1248 2679 1386 2757 raptim,
1411 2673 1558 2757 Philippo
1580 2687 1700 2754 antem,
1726 2671 1919 2757 Lendgrario
1945 2677 2087 2760 Hassiae,
2112 2704 2163 2741 re-

303 2785 382 2844 lioto
502 2783 510 2798 ’
534 2782 590 2841 iae.

195 3002 222 3064 i·
251 3005 391 3088 Nuptiae
403 3001 622 3082 Magdalmoe,
646 2996 852 3064 Melanthonis
867 2999 946 3060 filiae
959 3011 1063 3078 natue,
1086 3003 1116 3062 d.
1138 3008 1192 3070 18.
1201 2997 1261 3064 lul·
1280 3001 1399 3078 15³1„
1426 3011 1456 3062 et
1471 2995 1560 3083 Gesp.
1574 2997 1707 3064 Peuoeri.
1759 2998 1894 3083 (Peperit
1908 3023 1943 3064 ee
1960 3001 2091 3068 Peuoero
2107 3019 2166 3070 tres

310 3113 391 3172 filios
406 3121 436 3170 et
450 3120 565 3190 reptem
579 3104 673 3183 filies,
703 3114 733 3164 et
750 3124 766 3162 e
782 3104 844 3162 rita
860 3097 985 3162 deoeesit
997 3099 1164 3168 Roohlitzii
1181 3105 1212 3172 d.
1234 3108 1290 3171 18.
1305 3097 1365 3166 Iul.
1386 3101 1513 3182 1676.)

255 3213 382 3294 Flagrat
400 3210 459 3274 hoo
474 3231 574 3271 mense
590 3209 704 3268 bellum
717 3203 862 3280 Henrloi‚
888 3197 983 3266 Duois
998 3201 1157 3272 Brunsrio.
1177 3217 1280 3268 eontra
1299 3207 1406 3266 urbem
1419 3200 1630 3285 Brunsvigam.

179 3307 228 3370 ii·
256 3313 441 3380 Melanthon
457 3313 495 3373 ad
509 3308 626 3392 Regem
640 3305 756 3370 Daaiae
772 3303 923 3388 praelator
936 3309 969 3368 in
985 3304 1119 3394 'domum
1135 3303 1193 3371 III.
1209 3324 1335 3390 operum
1349 3303 1479 3368 Lntlreri
1493 3312 1741 3388 germanicorum.

176 3407 226 3470 28.
261 3417 363 3484 Mittit
376 3413 557 3478 Pselmums-
575 3431 666 3492 quam
687 3407 804 3470 dilecta
818 3417 889 3469 suot
903 3407 1106 3471 tabernaculo
1120 3425 1176 3472 eto.
1195 3413 1248 3495 qui
1265 3408 1389 3494 quidem
1404 3412 1514 3490 legitur
1528 3411 1561 3469 in
1576 3405 1782 3472 Melanthonis
1799 3407 1905 3493 Epigr.
1925 3433 1957 3493 p.
1973 3413 2044 3493 26„
2068 3415 2168 3478 sedin

316 3541 365 3601 ep.
382 3517 421 3578 sd
437 3515 569 3581 Cureum
583 3513 612 3575 d.
630 3513 660 3576 d.
678 3517 712 3580 9.
730 3509 793 3574 lul.
812 3513 918 3581 1650.
935 3509 1054 3588 Stigelii
1067 3536 1128 3576 esse
1144 3513 1254 3576 dieitur
1270 3533 1400 3574 carmen.

260 3621 336 3685 Hoo
351 3641 453 3682 mense
466 3622 591 3701 nuptiae
612 3613 759 3677 seonndee
774 3611 898 3689 Georgii
912 3610 1019 3675 Sodiui
1026 3663 1035 3696 ‚
1062 3621 1116 3701 qui
1136 3617 1225 3677 duxit
1244 3611 1388 3691 Annam,
1414 3613 1507 3673 filiam
1523 3605 1736 3694 Christophori
1758 3609 1915 3693 Cromeei,
1936 3621 2081 3680 senatoris
2104 3615 2170 3683 Re·

317 3725 516 3806 giomontani.

222 3971 230 3990 ·
262 3941 386 4006 Flauius
406 3941 581 4002 criminetur
601 3935 781 4000 Aoedemiss
799 3929 991 4016 Lipsiensem
1011 3946 1041 3994 et
1056 3931 1337 4016 Witebergensem,
1363 3931 1447 4017 qnod
1465 3936 1498 3993 in
1522 3933 1676 4012 thesibus,
1702 3931 1918 4015 aneiimgero
1937 3955 2033 4016 nuper
2048 3927 2172 4018 Lipsiae

319 4045 440 4126 poblioe
454 4042 585 4104 desem
599 4051 629 4102 et
642 4059 661 4101 a
672 4035 870 4102 Melanthone
884 4039 1077 4118 oonsoriptis,
1100 4039 1280 4099 mutaverint
1297 4057 1398 4098 reram
1412 4035 1578 4098 doetrinsm
1593 4037 1629 4098 de
1643 4038 1756 4098 viribus
1773 4035 1905 4098 hominis
1927 4039 1958 4096 in
1980 4041 2174 4102 ooorersions

224 4275 232 4292 ·
266 4157 540 4311 Lsdlidrdogaddinns
556 4244 639 4305 venit
655 4238 877 4322 Witebergam.

267 4347 450 4414 Melanthon
464 4367 549 4410 snam
564 4347 666 4410 soribit
681 4347 859 4406 sententiam
875 4341 913 4403 de
928 4344 1058 4404 oonoilio
1075 4337 1254 4414 Tridentino
1271 4343 1484 4406 continuando.

277 4771 425 4834 Hearious
440 4767 515 4832 Dux
531 4765 662 4834 Brunsv.
677 4767 794 4829 obsidet
808 4768 914 4828 urbem
926 4763 1136 4846 Bennsrigem.

277 4871 416 4937 Exeunte
430 4869 570 4954 Angusto
585 4874 713 4932 moritur
728 4865 911 4948 Granrelns,
932 4880 1033 4951 pater,
1057 4872 1090 4928 in
1105 4867 1236 4930 ootnitiie
1252 4863 1456 4950 Augustanis,
1483 4869 1516 4928 in
1536 4869 1621 4929 ouius
1642 4870 1744 4930 looum
1769 4863 1901 4929 suooedit
1918 4847 2090 4940 dntooim,
2117 4864 2182 4924 eins

328 4981 426 5054 filius,
452 4971 621 5056 Episoopus
634 4969 855 5036 Atrebeoensie.
